@article{danilo2021lmcs,
  TITLE = {{Time-Fluid Field-Based Coordination through Programmable Distributed
  Schedulers}},
  AUTHOR = {Danilo Pianini and Roberto Casadei and Mirko Viroli and Stefano Mariani and Franco Zambonelli},
  _url = {https://lmcs.episciences.org/8755},
  DOI = {10.46298/lmcs-17(4:13)2021},
  JOURNAL = {{Logical Methods in Computer Science}},
  VOLUME = {{Volume 17, Issue 4}},
  YEAR = {2021},
  MONTH = Nov,
  KEYWORDS = {Computer Science - Logic in Computer Science ; Computer Science - Distributed, Parallel, and Cluster Computing ; I.2.11 ; D.1.3 ; I.2.5 ; D.3.1},
}

@book{solar2008program-synthesis-sketching,
  title={Program synthesis by sketching},
  author={Solar-Lezama, Armando},
  year={2008},
  publisher={University of California, Berkeley}
}

@inproceedings{DBLP:conf/saso/AudritoCDV17,
  author    = {Giorgio Audrito and
               Roberto Casadei and
               Ferruccio Damiani and
               Mirko Viroli},
  title     = {Compositional Blocks for Optimal Self-Healing Gradients},
  booktitle = {11th {IEEE} International Conference on Self-Adaptive and Self-Organizing
               Systems, {SASO} 2017},
  pages     = {91--100},
  publisher = {{IEEE} Comp. Soc.},
  year      = {2017},
  _url       = {http://doi.ieeecomputersociety.org/10.1109/SASO.2017.18},
  doi       = {10.1109/SASO.2017.18},
  timestamp = {Wed, 16 Oct 2019 14:14:51 +0200},
  biburl    = {https://dblp.org/rec/conf/saso/AudritoCDV17.bib},
  bibsource = {dblp computer science bibliography, https://dblp.org}
}

@inproceedings{DBLP:conf/saso/MoBD18,
  author    = {Yuanqiu Mo and
               Jacob Beal and
               Soura Dasgupta},
  title     = {An Aggregate Computing Approach to Self-Stabilizing Leader Election},
  booktitle = {2018 {IEEE} 3rd International Workshops on Foundations and Applications
               of Self* Systems (FAS*W), Trento, Italy, September 3-7, 2018},
  pages     = {112--117},
  publisher = {{IEEE}},
  year      = {2018},
  _url       = {https://doi.org/10.1109/FAS-W.2018.00034},
  doi       = {10.1109/FAS-W.2018.00034},
  timestamp = {Wed, 16 Oct 2019 14:14:51 +0200},
  biburl    = {https://dblp.org/rec/conf/saso/MoBD18.bib},
  bibsource = {dblp computer science bibliography, https://dblp.org}
}

@article{DBLP:journals/cee/AudritoCDPV21,
  author    = {Giorgio Audrito and
               Roberto Casadei and
               Ferruccio Damiani and
               Danilo Pianini and
               Mirko Viroli},
  title     = {Optimal resilient distributed data collection in mobile edge environments},
  journal   = {Comput. Electr. Eng.},
  volume    = {96},
  number    = {Part},
  pages     = {107580},
  year      = {2021},
  _url       = {https://doi.org/10.1016/j.compeleceng.2021.107580},
  doi       = {10.1016/j.compeleceng.2021.107580},
  timestamp = {Tue, 08 Feb 2022 10:42:40 +0100},
  biburl    = {https://dblp.org/rec/journals/cee/AudritoCDPV21.bib},
  bibsource = {dblp computer science bibliography, https://dblp.org}
}

@incollection{beal2013organizing-aggregate,
  title={Organizing the aggregate: Languages for spatial computing},
  author={Beal, Jacob and Dulman, Stefan and Usbeck, Kyle and Viroli, Mirko and Correll, Nikolaus},
  booktitle={Formal and Practical Aspects of Domain-Specific Languages: Recent Developments},
  pages={436--501},
  year={2013},
  publisher={IGI Global}
}

@article{DBLP:journals/corr/abs-2201-03473,
  author    = {Roberto Casadei},
  title     = {Macroprogramming: Concepts, State of the Art, and Opportunities of
               Macroscopic Behaviour Modelling},
  journal   = {CoRR},
  volume    = {abs/2201.03473},
  year      = {2022},
  _url       = {https://arxiv.org/abs/2201.03473},
  eprinttype = {arXiv},
  eprint    = {2201.03473},
  timestamp = {Thu, 20 Jan 2022 14:21:35 +0100},
  biburl    = {https://dblp.org/rec/journals/corr/abs-2201-03473.bib},
  bibsource = {dblp computer science bibliography, https://dblp.org}
}

@incollection{DBLP:books/sp/08/Muller-SchloerS08,
  author    = {Christian M{\"{u}}ller{-}Schloer and
               Bernhard Sick},
  _editor  = {Rolf P. W{\"{u}}rtz},
  title     = {Controlled Emergence and Self-Organization},
  booktitle = {Organic Computing},
  series    = {Understanding Complex Systems},
  pages     = {81--103},
  publisher = {Springer},
  year      = {2008},
  _url       = {https://doi.org/10.1007/978-3-540-77657-4\_4},
  doi       = {10.1007/978-3-540-77657-4\_4},
  timestamp = {Thu, 14 Oct 2021 08:45:53 +0200},
  biburl    = {https://dblp.org/rec/books/sp/08/Muller-SchloerS08.bib},
  bibsource = {dblp computer science bibliography, https://dblp.org}
}

@article{DBLP:journals/corr/abs-1108-5643,
  author    = {Serge Kernbach and
               Thomas Schmickl and
               Jon Timmis},
  title     = {Collective Adaptive Systems: Challenges Beyond Evolvability},
  journal   = {CoRR},
  volume    = {abs/1108.5643},
  year      = {2011},
  _url       = {http://arxiv.org/abs/1108.5643},
  eprinttype = {arXiv},
  eprint    = {1108.5643},
  timestamp = {Mon, 13 Aug 2018 16:48:41 +0200},
  biburl    = {https://dblp.org/rec/journals/corr/abs-1108-5643.bib},
  bibsource = {dblp computer science bibliography, https://dblp.org}
}

@inproceedings{DBLP:conf/atal/WolfH04,
  author    = {Tom De Wolf and
               Tom Holvoet},
  _editor    = {Sven Brueckner and
               Giovanna Di Marzo Serugendo and
               Anthony Karageorgos and
               Radhika Nagpal},
  title     = {Emergence Versus Self-Organisation: Different Concepts but Promising
               When Combined},
  booktitle = {Engineering Self-Organising Systems, Methodologies and Applications (ESOA 2004)},
  series    = {Lecture Notes in Computer Science},
  volume    = {3464},
  pages     = {1--15},
  publisher = {Springer},
  year      = {2004},
  _url       = {https://doi.org/10.1007/11494676\_1},
  doi       = {10.1007/11494676\_1},
  timestamp = {Fri, 27 Mar 2020 08:46:10 +0100},
  biburl    = {https://dblp.org/rec/conf/atal/WolfH04.bib},
  bibsource = {dblp computer science bibliography, https://dblp.org}
}

@article{DBLP:journals/sttt/NicolaJW20,
  author    = {Rocco De Nicola and
               Stefan J{\"{a}}hnichen and
               Martin Wirsing},
  title     = {Rigorous engineering of collective adaptive systems: special section},
  journal   = {Int. J. Softw. Tools Technol. Transf.},
  volume    = {22},
  number    = {4},
  pages     = {389--397},
  year      = {2020},
  _url       = {https://doi.org/10.1007/s10009-020-00565-0},
  doi       = {10.1007/s10009-020-00565-0},
  timestamp = {Fri, 14 May 2021 08:32:57 +0200},
  biburl    = {https://dblp.org/rec/journals/sttt/NicolaJW20.bib},
  bibsource = {dblp computer science bibliography, https://dblp.org}
}

@article{DBLP:journals/tasm/BucchiaroneDPCS20,
  author    = {Antonio Bucchiarone and
               Mirko D'Angelo and
               Danilo Pianini and
               Giacomo Cabri and
               Martina {De Sanctis} and
               Mirko Viroli and
               Roberto Casadei and
               Simon Dobson},
  title     = {On the Social Implications of Collective Adaptive Systems},
  journal   = {{IEEE} Technol. Soc. Mag.},
  volume    = {39},
  number    = {3},
  pages     = {36--46},
  year      = {2020},
  _url       = {https://doi.org/10.1109/MTS.2020.3012324},
  doi       = {10.1109/MTS.2020.3012324},
  timestamp = {Thu, 14 Oct 2021 09:30:34 +0200},
  biburl    = {https://dblp.org/rec/journals/tasm/BucchiaroneDPCS20.bib},
  bibsource = {dblp computer science bibliography, https://dblp.org}
}

@article{DBLP:journals/computer/KephartC03,
  author    = {Jeffrey O. Kephart and
               David M. Chess},
  title     = {The Vision of Autonomic Computing},
  journal   = {Computer},
  volume    = {36},
  number    = {1},
  pages     = {41--50},
  year      = {2003},
  _url       = {https://doi.org/10.1109/MC.2003.1160055},
  doi       = {10.1109/MC.2003.1160055},
  timestamp = {Wed, 12 Aug 2020 10:29:29 +0200},
  biburl    = {https://dblp.org/rec/journals/computer/KephartC03.bib},
  bibsource = {dblp computer science bibliography, https://dblp.org}
}

@inproceedings{DBLP:conf/atal/SosicKZK17,
  author    = {Adrian Sosic and
               Wasiur R. KhudaBukhsh and
               Abdelhak M. Zoubir and
               Heinz Koeppl},
  _editor  = {Kate Larson and
               Michael Winikoff and
               Sanmay Das and
               Edmund H. Durfee},
  title     = {Inverse Reinforcement Learning in Swarm Systems},
  booktitle = {Proceedings of the 16th Conference on Autonomous Agents and MultiAgent
               Systems, {AAMAS} 2017, S{\~{a}}o Paulo, Brazil, May 8-12, 2017},
  pages     = {1413--1421},
  publisher = {{ACM}},
  year      = {2017},
  _url       = {http://dl.acm.org/citation.cfm?id=3091320},
  timestamp = {Wed, 27 Sep 2017 07:24:00 +0200},
  biburl    = {https://dblp.org/rec/conf/atal/SosicKZK17.bib},
  bibsource = {dblp computer science bibliography, https://dblp.org}
}

@inproceedings{DBLP:conf/iros/MatignonLF07,
  author    = {La{\"{e}}titia Matignon and
               Guillaume J. Laurent and
               Nadine Le Fort{-}Piat},
  title     = {Hysteretic q-learning : an algorithm for decentralized reinforcement
               learning in cooperative multi-agent teams},
  booktitle = {2007 {IEEE/RSJ} International Conference on Intelligent Robots and
               Systems},
  pages     = {64--69},
  publisher = {{IEEE}},
  year      = {2007},
  _url       = {https://doi.org/10.1109/IROS.2007.4399095},
  doi       = {10.1109/IROS.2007.4399095},
  timestamp = {Wed, 16 Oct 2019 14:14:51 +0200},
  biburl    = {https://dblp.org/rec/conf/iros/MatignonLF07.bib},
  bibsource = {dblp computer science bibliography, https://dblp.org}
}

@inproceedings{DBLP:conf/icml/LauerR00,
  author    = {Martin Lauer and
               Martin A. Riedmiller},
  _editor  = {Pat Langley},
  title     = {An Algorithm for Distributed Reinforcement Learning in Cooperative
               Multi-Agent Systems},
  booktitle = {Proceedings of the Seventeenth International Conference on Machine
               Learning {(ICML} 2000), Stanford University, Stanford, CA, USA, June
               29 - July 2, 2000},
  pages     = {535--542},
  publisher = {Morgan Kaufmann},
  year      = {2000},
  timestamp = {Sun, 21 Feb 2010 20:54:50 +0100},
  biburl    = {https://dblp.org/rec/conf/icml/LauerR00.bib},
  bibsource = {dblp computer science bibliography, https://dblp.org}
}

@inproceedings{DBLP:conf/atal/PanaitSL06,
  author    = {Liviu Panait and
               Keith Sullivan and
               Sean Luke},
  _editor    = {Hideyuki Nakashima and
               Michael P. Wellman and
               Gerhard Weiss and
               Peter Stone},
  title     = {Lenient learners in cooperative multiagent systems},
  booktitle = {5th International Joint Conference on Autonomous Agents and Multiagent
               Systems, {AAMAS} 2006)},
  pages     = {801--803},
  publisher = {{ACM}},
  year      = {2006},
  _url       = {https://doi.org/10.1145/1160633.1160776},
  doi       = {10.1145/1160633.1160776},
  timestamp = {Tue, 06 Nov 2018 16:59:09 +0100},
  biburl    = {https://dblp.org/rec/conf/atal/PanaitSL06.bib},
  bibsource = {dblp computer science bibliography, https://dblp.org}
}

@article{DBLP:journals/ker/MatignonLF12,
  author    = {La{\"{e}}titia Matignon and
               Guillaume J. Laurent and
               Nadine Le Fort{-}Piat},
  title     = {Independent reinforcement learners in cooperative Markov games: a
               survey regarding coordination problems},
  journal   = {Knowl. Eng. Rev.},
  volume    = {27},
  number    = {1},
  pages     = {1--31},
  year      = {2012},
  _url       = {https://doi.org/10.1017/S0269888912000057},
  doi       = {10.1017/S0269888912000057},
  timestamp = {Thu, 27 Aug 2020 13:19:58 +0200},
  biburl    = {https://dblp.org/rec/journals/ker/MatignonLF12.bib},
  bibsource = {dblp computer science bibliography, https://dblp.org}
}

@article{DBLP:journals/access/JangKHK19,
  author    = {Beakcheol Jang and
               Myeonghwi Kim and
               Gaspard Harerimana and
               Jong Wook Kim},
  title     = {Q-Learning Algorithms: {A} Comprehensive Classification and Applications},
  journal   = {{IEEE} Access},
  volume    = {7},
  pages     = {133653--133667},
  year      = {2019},
  _url       = {https://doi.org/10.1109/ACCESS.2019.2941229},
  doi       = {10.1109/ACCESS.2019.2941229},
  timestamp = {Thu, 07 Nov 2019 09:18:51 +0100},
  biburl    = {https://dblp.org/rec/journals/access/JangKHK19.bib},
  bibsource = {dblp computer science bibliography, https://dblp.org}
}

@article{DBLP:journals/aamas/PanaitL05,
  author    = {Liviu Panait and
               Sean Luke},
  title     = {Cooperative Multi-Agent Learning: The State of the Art},
  journal   = {Auton. Agents Multi Agent Syst.},
  volume    = {11},
  number    = {3},
  pages     = {387--434},
  year      = {2005},
  _url       = {https://doi.org/10.1007/s10458-005-2631-2},
  doi       = {10.1007/s10458-005-2631-2},
  timestamp = {Fri, 13 Mar 2020 10:55:53 +0100},
  biburl    = {https://dblp.org/rec/journals/aamas/PanaitL05.bib},
  bibsource = {dblp computer science bibliography, https://dblp.org}
}

@phdthesis{DBLP:phd/ethos/Foerster18,
  author    = {Jakob N. Foerster},
  title     = {Deep multi-agent reinforcement learning},
  school    = {University of Oxford, {UK}},
  year      = {2018},
  _url       = {http://ethos.bl.uk/OrderDetails.do?uin=uk.bl.ethos.786133},
  timestamp = {Wed, 22 Dec 2021 17:18:42 +0100},
  biburl    = {https://dblp.org/rec/phd/ethos/Foerster18.bib},
  bibsource = {dblp computer science bibliography, https://dblp.org}
}

@article{DBLP:journals/ml/WatkinsD92,
  author    = {Christopher J. C. H. Watkins and
               Peter Dayan},
  title     = {Technical Note Q-Learning},
  journal   = {Mach. Learn.},
  volume    = {8},
  pages     = {279--292},
  year      = {1992},
  _url       = {https://doi.org/10.1007/BF00992698},
  doi       = {10.1007/BF00992698},
  timestamp = {Fri, 27 Mar 2020 08:37:06 +0100},
  biburl    = {https://dblp.org/rec/journals/ml/WatkinsD92.bib},
  bibsource = {dblp computer science bibliography, https://dblp.org}
}

@article{DBLP:journals/comsur/LuongHGNWLK19,
  author    = {Nguyen Cong Luong and
               Dinh Thai Hoang and
               Shimin Gong and
               Dusit Niyato and
               Ping Wang and
               Ying{-}Chang Liang and
               Dong In Kim},
  title     = {Applications of Deep Reinforcement Learning in Communications and
               Networking: {A} Survey},
  journal   = {{IEEE} Commun. Surv. Tutorials},
  volume    = {21},
  number    = {4},
  pages     = {3133--3174},
  year      = {2019},
  _url       = {https://doi.org/10.1109/COMST.2019.2916583},
  doi       = {10.1109/COMST.2019.2916583},
  timestamp = {Thu, 09 Apr 2020 17:12:36 +0200},
  biburl    = {https://dblp.org/rec/journals/comsur/LuongHGNWLK19.bib},
  bibsource = {dblp computer science bibliography, https://dblp.org}
}

@article{DBLP:journals/ijrr/KoberBP13,
  author    = {Jens Kober and
               J. Andrew Bagnell and
               Jan Peters},
  title     = {Reinforcement learning in robotics: {A} survey},
  journal   = {Int. J. Robotics Res.},
  volume    = {32},
  number    = {11},
  pages     = {1238--1274},
  year      = {2013},
  _url       = {https://doi.org/10.1177/0278364913495721},
  doi       = {10.1177/0278364913495721},
  timestamp = {Thu, 17 Sep 2020 12:02:41 +0200},
  biburl    = {https://dblp.org/rec/journals/ijrr/KoberBP13.bib},
  bibsource = {dblp computer science bibliography, https://dblp.org}
}

@article{DBLP:journals/spm/ArulkumaranDBB17,
  author    = {Kai Arulkumaran and
               Marc Peter Deisenroth and
               Miles Brundage and
               Anil Anthony Bharath},
  title     = {Deep Reinforcement Learning: {A} Brief Survey},
  journal   = {{IEEE} Signal Process. Mag.},
  volume    = {34},
  number    = {6},
  pages     = {26--38},
  year      = {2017},
  _url       = {https://doi.org/10.1109/MSP.2017.2743240},
  doi       = {10.1109/MSP.2017.2743240},
  timestamp = {Sun, 02 Jun 2019 21:02:16 +0200},
  biburl    = {https://dblp.org/rec/journals/spm/ArulkumaranDBB17.bib},
  bibsource = {dblp computer science bibliography, https://dblp.org}
}

@article{DBLP:journals/jlap/ViroliBDACP19,
  author    = {Mirko Viroli and
               Jacob Beal and
               Ferruccio Damiani and
               Giorgio Audrito and
               Roberto Casadei and
               Danilo Pianini},
  title     = {From distributed coordination to field calculus and aggregate computing},
  journal   = {J. Log. Algebraic Methods Program.},
  volume    = {109},
  year      = {2019},
  _url       = {https://doi.org/10.1016/j.jlamp.2019.100486},
  doi       = {10.1016/j.jlamp.2019.100486},
  timestamp = {Sat, 22 Feb 2020 19:18:14 +0100},
  biburl    = {https://dblp.org/rec/journals/jlap/ViroliBDACP19.bib},
  bibsource = {dblp computer science bibliography, https://dblp.org}
}

@article{DBLP:journals/jos/PianiniMV13,
  author    = {Danilo Pianini and
               Sara Montagna and
               Mirko Viroli},
  title     = {Chemical-oriented simulation of computational systems with {ALCHEMIST}},
  journal   = {J. Simulation},
  volume    = {7},
  number    = {3},
  pages     = {202--215},
  year      = {2013},
  _url       = {https://doi.org/10.1057/jos.2012.27},
  doi       = {10.1057/jos.2012.27},
  timestamp = {Fri, 30 Nov 2018 13:25:08 +0100},
  biburl    = {https://dblp.org/rec/journals/jos/PianiniMV13.bib},
  bibsource = {dblp computer science bibliography, https://dblp.org}
}

@inproceedings{DBLP:conf/isola/CasadeiVAD20,
  author    = {Roberto Casadei and
               Mirko Viroli and
               Giorgio Audrito and
               Ferruccio Damiani},
  _editor    = {Tiziana Margaria and
               Bernhard Steffen},
  title     = {{FScaFi}: {A} Core Calculus for Collective Adaptive Systems Programming},
  booktitle = {Leveraging Applications of Formal Methods, Verification and Validation:
               Engineering Principles - 9th International Symposium on Leveraging
               Applications of Formal Methods, ISoLA 2020, Proceedings, Part {II}},
  series    = {Lecture Notes in Computer Science},
  volume    = {12477},
  pages     = {344--360},
  publisher = {Springer},
  year      = {2020},
  _url       = {https://doi.org/10.1007/978-3-030-61470-6\_21},
  doi       = {10.1007/978-3-030-61470-6\_21},
  timestamp = {Sat, 14 Nov 2020 00:56:54 +0100},
  biburl    = {https://dblp.org/rec/conf/isola/CasadeiVAD20.bib},
  bibsource = {dblp computer science bibliography, https://dblp.org}
}

@inproceedings{DBLP:conf/acsos/Aguzzi21,
  author    = {Gianluca Aguzzi},
  _editor    = {Esam El{-}Araby and
               Vana Kalogeraki and
               Danilo Pianini and
               Fr{\'{e}}d{\'{e}}ric Lassabe and
               Barry Porter and
               Sona Ghahremani and
               Ingrid Nunes and
               Mohamed Bakhouya and
               Sven Tomforde},
  title     = {Research directions for Aggregate Computing with Machine Learning},
  booktitle = {{IEEE} International Conference on Autonomic Computing and Self-Organizing
               Systems, {ACSOS} 2021, Companion Volume},
  pages     = {310--312},
  publisher = {{IEEE}},
  year      = {2021},
  _url       = {https://doi.org/10.1109/ACSOS-C52956.2021.00078},
  doi       = {10.1109/ACSOS-C52956.2021.00078},
  timestamp = {Tue, 30 Nov 2021 17:31:23 +0100},
  biburl    = {https://dblp.org/rec/conf/acsos/Aguzzi21.bib},
  bibsource = {dblp computer science bibliography, https://dblp.org}
}

@inproceedings{DBLP:conf/sac/BealBVT08,
  author    = {Jacob Beal and
               Jonathan Bachrach and
               Daniel Vickery and
               Mark M. Tobenkin},
  _editor    = {Roger L. Wainwright and
               Hisham Haddad},
  title     = {Fast self-healing gradients},
  booktitle = {Proceedings of the 2008 {ACM} Symposium on Applied Computing (SAC)},
  pages     = {1969--1975},
  publisher = {{ACM}},
  year      = {2008},
  _url       = {https://doi.org/10.1145/1363686.1364163},
  doi       = {10.1145/1363686.1364163},
  timestamp = {Tue, 06 Nov 2018 11:06:49 +0100},
  biburl    = {https://dblp.org/rec/conf/sac/BealBVT08.bib},
  bibsource = {dblp computer science bibliography, https://dblp.org}
}

@inproceedings{DBLP:conf/sac/Beal09,
  author    = {Jacob Beal},
  _editor  = {Sung Y. Shin and
               Sascha Ossowski},
  title     = {Flexible self-healing gradients},
  booktitle = {Proceedings of the 2009 {ACM} Symposium on Applied Computing (SAC),
               Honolulu, Hawaii, USA, March 9-12, 2009},
  pages     = {1197--1201},
  publisher = {{ACM}},
  year      = {2009},
  _url       = {https://doi.org/10.1145/1529282.1529550},
  doi       = {10.1145/1529282.1529550},
  timestamp = {Tue, 06 Nov 2018 11:06:49 +0100},
  biburl    = {https://dblp.org/rec/conf/sac/Beal09.bib},
  bibsource = {dblp computer science bibliography, https://dblp.org}
}

@article{DBLP:journals/corr/abs-1806-08894,
  author    = {Seyed Sajad Mousavi and
               Michael Schukat and
               Enda Howley},
  title     = {Deep Reinforcement Learning: An Overview},
  journal   = {CoRR},
  volume    = {abs/1806.08894},
  year      = {2018},
  _url       = {http://arxiv.org/abs/1806.08894},
  eprinttype = {arXiv},
  eprint    = {1806.08894},
  timestamp = {Mon, 13 Aug 2018 16:48:24 +0200},
  biburl    = {https://dblp.org/rec/journals/corr/abs-1806-08894.bib},
  bibsource = {dblp computer science bibliography, https://dblp.org}
}

@inproceedings{DBLP:conf/ipsn/NagpalSB03,
  author    = {Radhika Nagpal and
               Howard E. Shrobe and
               Jonathan Bachrach},
  _editor    = {Feng Zhao and
               Leonidas J. Guibas},
  title     = {Organizing a Global Coordinate System from Local Information on an
               Ad Hoc Sensor Network},
  booktitle = {Information Processing in Sensor Networks, 2nd International Workshop,
               {IPSN} 2003, , Proceedings},
  series    = {Lecture Notes in Computer Science},
  volume    = {2634},
  pages     = {333--348},
  publisher = {Springer},
  year      = {2003},
  _url       = {https://doi.org/10.1007/3-540-36978-3\_22},
  doi       = {10.1007/3-540-36978-3\_22},
  timestamp = {Tue, 14 May 2019 10:00:54 +0200},
  biburl    = {https://dblp.org/rec/conf/ipsn/NagpalSB03.bib},
  bibsource = {dblp computer science bibliography, https://dblp.org}
}

@article{DBLP:journals/jsan/CasadeiAV21,
  author    = {Roberto Casadei and
               Gianluca Aguzzi and
               Mirko Viroli},
  title     = {A Programming Approach to Collective Autonomy},
  journal   = {J. Sens. Actuator Networks},
  volume    = {10},
  number    = {2},
  pages     = {27},
  year      = {2021},
  _url       = {https://doi.org/10.3390/jsan10020027},
  doi       = {10.3390/jsan10020027},
  timestamp = {Thu, 16 Sep 2021 17:57:56 +0200},
  biburl    = {https://dblp.org/rec/journals/jsan/CasadeiAV21.bib},
  bibsource = {dblp computer science bibliography, https://dblp.org}
}

@inproceedings{DBLP:conf/coordination/CasadeiVRA21,
  author    = {Roberto Casadei and
               Mirko Viroli and
               Alessandro Ricci and
               Giorgio Audrito},
  _editor    = {Ferruccio Damiani and
               Ornela Dardha},
  title     = {Tuple-Based Coordination in Large-Scale Situated Systems},
  booktitle = {Coordination Models and Languages - 23rd {IFIP} {WG} 6.1 International Conference, {COORDINATION} 2021,  Proceedings},
  series    = {Lecture Notes in Computer Science},
  volume    = {12717},
  pages     = {149--167},
  publisher = {Springer},
  year      = {2021},
  _url       = {https://doi.org/10.1007/978-3-030-78142-2\_10},
  doi       = {10.1007/978-3-030-78142-2\_10},
  timestamp = {Tue, 15 Jun 2021 17:23:40 +0200},
  biburl    = {https://dblp.org/rec/conf/coordination/CasadeiVRA21.bib},
  bibsource = {dblp computer science bibliography, https://dblp.org}
}

@article{DBLP:journals/fi/CasadeiPPVW20,
  author    = {Roberto Casadei and
               Danilo Pianini and
               Andrea Placuzzi and
               Mirko Viroli and
               Danny Weyns},
  title     = {Pulverization in Cyber-Physical Systems: Engineering the Self-Organizing
               Logic Separated from Deployment},
  journal   = {Future Internet},
  volume    = {12},
  number    = {11},
  pages     = {203},
  year      = {2020},
  _url       = {https://doi.org/10.3390/fi12110203},
  doi       = {10.3390/fi12110203},
  timestamp = {Thu, 16 Sep 2021 18:02:50 +0200},
  biburl    = {https://dblp.org/rec/journals/fi/CasadeiPPVW20.bib},
  bibsource = {dblp computer science bibliography, https://dblp.org}
}

@article{DBLP:journals/pervasive/MameiZL04,
  author    = {Marco Mamei and
               Franco Zambonelli and
               Letizia Leonardi},
  title     = {Co-Fields: {A} Physically Inspired Approach to Motion Coordination},
  journal   = {{IEEE} Pervasive Comput.},
  volume    = {3},
  number    = {2},
  pages     = {52--61},
  year      = {2004},
  _url       = {https://doi.org/10.1109/MPRV.2004.1316820},
  doi       = {10.1109/MPRV.2004.1316820},
  timestamp = {Tue, 31 Mar 2020 18:15:42 +0200},
  biburl    = {https://dblp.org/rec/journals/pervasive/MameiZL04.bib},
  bibsource = {dblp computer science bibliography, https://dblp.org}
}

@inproceedings{DBLP:conf/coordination/CasadeiPVN19,
  author    = {Roberto Casadei and
               Danilo Pianini and
               Mirko Viroli and
               Antonio Natali},
  _editor    = {Hanne Riis Nielson and
               Emilio Tuosto},
  title     = {Self-organising Coordination Regions: {A} Pattern for Edge Computing},
  booktitle = {Coordination Models and Languages - 21st {IFIP} {WG} 6.1 International
               Conference, {COORDINATION} 2019, Proceedings},
  series    = {Lecture Notes in Computer Science},
  volume    = {11533},
  pages     = {182--199},
  publisher = {Springer},
  year      = {2019},
  _url       = {https://doi.org/10.1007/978-3-030-22397-7\_11},
  doi       = {10.1007/978-3-030-22397-7\_11},
  timestamp = {Fri, 27 Dec 2019 21:20:22 +0100},
  biburl    = {https://dblp.org/rec/conf/coordination/CasadeiPVN19.bib},
  bibsource = {dblp computer science bibliography, https://dblp.org}
}

@inproceedings{DBLP:conf/saso/WolfH07,
  author    = {Tom De Wolf and
               Tom Holvoet},
  title     = {Designing Self-Organising Emergent Systems based on Information Flows
               and Feedback-loops},
  booktitle = {Proceedings of the First International Conference on Self-Adaptive
               and Self-Organizing Systems, {SASO} 2007, Boston, MA, USA, July 9-11,
               2007},
  pages     = {295--298},
  publisher = {{IEEE} Computer Society},
  year      = {2007},
  _url       = {https://doi.org/10.1109/SASO.2007.16},
  doi       = {10.1109/SASO.2007.16},
  timestamp = {Fri, 27 Mar 2020 09:00:03 +0100},
  biburl    = {https://dblp.org/rec/conf/saso/WolfH07.bib},
  bibsource = {dblp computer science bibliography, https://dblp.org}
}

@book{sutton2018reinforcement-learning,
  title={Reinforcement learning: An introduction},
  author={Sutton, Richard S and Barto, Andrew G},
  year={2018},
  publisher={MIT press}
}

@inproceedings{DBLP:conf/biowire/MameiZ07,
  author    = {Marco Mamei and
               Franco Zambonelli},
  _editor    = {Pietro Li{\`{o}} and
               Eiko Yoneki and
               Jon Crowcroft and
               Dinesh C. Verma},
  title     = {Field-Based Coordination for Pervasive Computing Applications},
  booktitle = {Bio-Inspired Computing and Communication, First Workshop on Bio-Inspired
               Design of Networks, {BIOWIRE} 2007},
  series    = {Lecture Notes in Computer Science},
  volume    = {5151},
  pages     = {376--386},
  publisher = {Springer},
  year      = {2007},
  _url       = {https://doi.org/10.1007/978-3-540-92191-2\_33},
  doi       = {10.1007/978-3-540-92191-2\_33},
  timestamp = {Tue, 14 May 2019 10:00:46 +0200},
  biburl    = {https://dblp.org/rec/conf/biowire/MameiZ07.bib},
  bibsource = {dblp computer science bibliography, https://dblp.org}
}

@article{DBLP:journals/tosem/MameiZ09,
  author    = {Marco Mamei and
               Franco Zambonelli},
  title     = {Programming pervasive and mobile computing applications: The {TOTA} approach},
  journal   = {{ACM} Trans. Softw. Eng. Methodol.},
  volume    = {18},
  number    = {4},
  pages     = {15:1--15:56},
  year      = {2009},
 _url      = {https://doi.org/10.1145/1538942.1538945},
  doi       = {10.1145/1538942.1538945},
  timestamp = {Tue, 06 Nov 2018 12:51:20 +0100},
  biburl    = {https://dblp.org/rec/journals/tosem/MameiZ09.bib},
  bibsource = {dblp computer science bibliography, https://dblp.org}
}

@inproceedings{DBLP:conf/idc/Omicini12,
  author    = {Andrea Omicini},
  _editor    = {Giancarlo Fortino and
               Costin Badica and
               Michele Malgeri and
               Rainer Unland},
  title     = {Nature-Inspired Coordination for Complex Distributed Systems},
  booktitle = {Intelligent Distributed Computing {VI} - Proceedings of the 6th International
               Symposium on Intelligent Distributed Computing - {IDC} 2012},
  series    = {Studies in Computational Intelligence},
  volume    = {446},
  pages     = {1--6},
  publisher = {Springer},
  year      = {2012},
  _url       = {https://doi.org/10.1007/978-3-642-32524-3\_1},
  doi       = {10.1007/978-3-642-32524-3\_1},
  timestamp = {Fri, 26 May 2017 00:49:45 +0200},
  biburl    = {https://dblp.org/rec/conf/idc/Omicini12.bib},
  bibsource = {dblp computer science bibliography, https://dblp.org}
}

@inproceedings{DBLP:conf/kes/TrzecL07,
  author    = {Krunoslav Trzec and
               Ignac Lovrek},
  _editor    = {Bruno Apolloni and
               Robert J. Howlett and
               Lakhmi C. Jain},
  title     = {Field-Based Coordination of Mobile Intelligent Agents: An Evolutionary
               Game Theoretic Analysis},
  booktitle = {Knowledge-Based Intelligent Information and Engineering Systems, 11th
               International Conference, {KES} 2007, {XVII} Italian Workshop on Neural
               Networks, Proceedings,
               Part {I}},
  series    = {Lecture Notes in Computer Science},
  volume    = {4692},
  pages     = {198--205},
  publisher = {Springer},
  year      = {2007},
  _url       = {https://doi.org/10.1007/978-3-540-74819-9\_25},
  doi       = {10.1007/978-3-540-74819-9\_25},
  timestamp = {Tue, 14 May 2019 10:00:51 +0200},
  biburl    = {https://dblp.org/rec/conf/kes/TrzecL07.bib},
  bibsource = {dblp computer science bibliography, https://dblp.org}
}

@article{DBLP:journals/asc/BarbaliosT14,
  author    = {Nikos Barbalios and
               Panagiotis Tzionas},
  title     = {A robust approach for multi-agent natural resource allocation based
               on stochastic optimization algorithms},
  journal   = {Appl. Soft Comput.},
  volume    = {18},
  pages     = {12--24},
  year      = {2014},
 _url      = {https://doi.org/10.1016/j.asoc.2014.01.004},
  doi       = {10.1016/j.asoc.2014.01.004},
  timestamp = {Fri, 26 May 2017 22:54:33 +0200},
  biburl    = {https://dblp.org/rec/journals/asc/BarbaliosT14.bib},
  bibsource = {dblp computer science bibliography, https://dblp.org}
}

@article{DBLP:journals/tsmc/XuZLF12,
  author    = {Yinliang Xu and
               Wei Zhang and
               Wenxin Liu and
               Frank T. Ferrese},
  title     = {Multiagent-Based Reinforcement Learning for Optimal Reactive Power
               Dispatch},
  journal   = {{IEEE} Trans. Syst. Man Cybern. Part {C}},
  volume    = {42},
  number    = {6},
  pages     = {1742--1751},
  year      = {2012},
 _url      = {https://doi.org/10.1109/TSMCC.2012.2218596},
  doi       = {10.1109/TSMCC.2012.2218596},
  timestamp = {Sat, 05 Sep 2020 17:48:05 +0200},
  biburl    = {https://dblp.org/rec/journals/tsmc/XuZLF12.bib},
  bibsource = {dblp computer science bibliography, https://dblp.org}
}

@inproceedings{DBLP:conf/chi/XiaoH98,
  author    = {Dongbo Xiao and
               Roger J. Hubbold},
  _editor  = {Michael E. Atwood and
               Clare{-}Marie Karat and
               Arnold M. Lund and
               Jo{\"{e}}lle Coutaz and
               John Karat},
  title     = {Navigation Guided by Artificial Force Fields},
  booktitle = {Proceeding of the {CHI} '98 Conference on Human Factors in Computing
               Systems},
  pages     = {179--186},
  publisher = {{ACM}},
  year      = {1998},
  _url       = {https://doi.org/10.1145/274644.274671},
  doi       = {10.1145/274644.274671},
  timestamp = {Fri, 12 Mar 2021 15:27:48 +0100},
  biburl    = {https://dblp.org/rec/conf/chi/XiaoH98.bib},
  bibsource = {dblp computer science bibliography, https://dblp.org}
}

@article{DBLP:journals/swarm/BrambillaFBD13,
  author    = {Manuele Brambilla and
               Eliseo Ferrante and
               Mauro Birattari and
               Marco Dorigo},
  title     = {Swarm robotics: a review from the swarm engineering perspective},
  journal   = {Swarm Intell.},
  volume    = {7},
  number    = {1},
  pages     = {1--41},
  year      = {2013},
 _url      = {https://doi.org/10.1007/s11721-012-0075-2},
  doi       = {10.1007/s11721-012-0075-2},
  timestamp = {Thu, 09 Jul 2020 22:44:24 +0200},
  biburl    = {https://dblp.org/rec/journals/swarm/BrambillaFBD13.bib},
  bibsource = {dblp computer science bibliography, https://dblp.org}
}

@inproceedings{DBLP:conf/cbse/BuresGHKKP13,
  author    = {Tom{\'{a}}s Bures and
               Ilias Gerostathopoulos and
               Petr Hnetynka and
               Jaroslav Keznikl and
               Michal Kit and
               Frantisek Plasil},
  _editor  = {Philippe Kruchten and
               Dimitra Giannakopoulou and
               Massimo Tivoli},
  title     = {{DEECO:} an ensemble-based component system},
  booktitle = {CBSE'13, Proceedings of the 16th {ACM} {SIGSOFT} Symposium on Component
               Based Software Engineering, part of Comparch '13, Vancouver, BC, Canada,
               June 17-21, 2013},
  booktitle = {CBSE'13},
  pages     = {81--90},
  publisher = {{ACM}},
  year      = {2013},
 _url      = {https://doi.org/10.1145/2465449.2465462},
  doi       = {10.1145/2465449.2465462},
  timestamp = {Thu, 11 Mar 2021 17:04:51 +0100},
  biburl    = {https://dblp.org/rec/conf/cbse/BuresGHKKP13.bib},
  bibsource = {dblp computer science bibliography, https://dblp.org}
}
@article{DBLP:journals/scp/AlrahmanNL20,
  author    = {Yehia Abd Alrahman and
               Rocco De Nicola and
               Michele Loreti},
  title     = {Programming interactions in collective adaptive systems by relying
               on attribute-based communication},
  journal   = {Sci. Comput. Program.},
  volume    = {192},
  pages     = {102428},
  year      = {2020},
 _url      = {https://doi.org/10.1016/j.scico.2020.102428},
  doi       = {10.1016/j.scico.2020.102428},
  timestamp = {Sat, 30 May 2020 19:47:39 +0200},
  biburl    = {https://dblp.org/rec/journals/scp/AlrahmanNL20.bib},
  bibsource = {dblp computer science bibliography, https://dblp.org}
}

@article{DBLP:journals/tomacs/ViroliABDP18,
  author    = {Mirko Viroli and
               Giorgio Audrito and
               Jacob Beal and
               Ferruccio Damiani and
               Danilo Pianini},
  title     = {Engineering Resilient Collective Adaptive Systems by Self-Stabilisation},
  journal   = {{ACM} Trans. Model. Comput. Simul.},
  volume    = {28},
  number    = {2},
  pages     = {16:1--16:28},
  year      = {2018},
 _url      = {https://doi.org/10.1145/3177774},
  doi       = {10.1145/3177774},
  timestamp = {Sat, 08 Jan 2022 02:24:15 +0100},
  biburl    = {https://dblp.org/rec/journals/tomacs/ViroliABDP18.bib},
  bibsource = {dblp computer science bibliography, https://dblp.org}
}

@inproceedings{DBLP:conf/saso/BealV14a,
  author    = {Jacob Beal and
               Mirko Viroli},
  title     = {Building Blocks for Aggregate Programming of Self-Organising Applications},
  booktitle = {Eighth {IEEE} International Conference on Self-Adaptive and Self-Organizing
               Systems Workshops, {SASOW} 2014, London, United Kingdom, September
               8-12, 2014},
  pages     = {8--13},
  publisher = {{IEEE} Computer Society},
  year      = {2014},
 _url      = {https://doi.org/10.1109/SASOW.2014.6},
  doi       = {10.1109/SASOW.2014.6},
  timestamp = {Wed, 16 Oct 2019 14:14:51 +0200},
  biburl    = {https://dblp.org/rec/conf/saso/BealV14a.bib},
  bibsource = {dblp computer science bibliography, https://dblp.org}
}

@article{DBLP:journals/fgcs/CasadeiFPRSV19,
  author    = {Roberto Casadei and
               Giancarlo Fortino and
               Danilo Pianini and
               Wilma Russo and
               Claudio Savaglio and
               Mirko Viroli},
  title     = {Modelling and simulation of Opportunistic IoT Services with Aggregate
               Computing},
  journal   = {Future Gener. Comput. Syst.},
  volume    = {91},
  pages     = {252--262},
  year      = {2019},
 _url      = {https://doi.org/10.1016/j.future.2018.09.005},
  doi       = {10.1016/j.future.2018.09.005},
  timestamp = {Mon, 03 Jan 2022 21:54:05 +0100},
  biburl    = {https://dblp.org/rec/journals/fgcs/CasadeiFPRSV19.bib},
  bibsource = {dblp computer science bibliography, https://dblp.org}
}

@inproceedings{DBLP:conf/iccad/TanLQ09,
  author    = {Ying Tan and
               Wei Liu and
               Qinru Qiu},
  _editor  = {Jaijeet S. Roychowdhury},
  title     = {Adaptive power management using reinforcement learning},
  booktitle = {2009 International Conference on Computer-Aided Design, {ICCAD} 2009,
               San Jose, CA, USA, November 2-5, 2009},
  pages     = {461--467},
  publisher = {{ACM}},
  year      = {2009},
 _url      = {https://doi.org/10.1145/1687399.1687486},
  doi       = {10.1145/1687399.1687486},
  timestamp = {Mon, 09 Aug 2021 17:01:45 +0200},
  biburl    = {https://dblp.org/rec/conf/iccad/TanLQ09.bib},
  bibsource = {dblp computer science bibliography, https://dblp.org}
}

@article{DBLP:journals/corr/abs-1910-07421,
  author    = {Paul Almasan and
               Jos{\'{e}} Su{\'{a}}rez{-}Varela and
               Arnau Badia{-}Sampera and
               Krzysztof Rusek and
               Pere Barlet{-}Ros and
               Albert Cabellos{-}Aparicio},
  title     = {Deep Reinforcement Learning meets Graph Neural Networks: An optical
               network routing use case},
  journal   = {CoRR},
  volume    = {abs/1910.07421},
  year      = {2019},
 _url      = {http://arxiv.org/abs/1910.07421},
  eprinttype = {arXiv},
  eprint    = {1910.07421},
  timestamp = {Tue, 22 Oct 2019 18:17:16 +0200},
  biburl    = {https://dblp.org/rec/journals/corr/abs-1910-07421.bib},
  bibsource = {dblp computer science bibliography, https://dblp.org}
}

@article{DBLP:journals/ker/MatignonLF12,
  author    = {La{\"{e}}titia Matignon and
               Guillaume J. Laurent and
               Nadine Le Fort{-}Piat},
  title     = {Independent reinforcement learners in cooperative Markov games: a
               survey regarding coordination problems},
  journal   = {Knowl. Eng. Rev.},
  volume    = {27},
  number    = {1},
  pages     = {1--31},
  year      = {2012},
 _url      = {https://doi.org/10.1017/S0269888912000057},
  doi       = {10.1017/S0269888912000057},
  timestamp = {Thu, 27 Aug 2020 13:19:58 +0200},
  biburl    = {https://dblp.org/rec/journals/ker/MatignonLF12.bib},
  bibsource = {dblp computer science bibliography, https://dblp.org}
}

@article{DBLP:journals/wc/Satyanarayanan01,
  author    = {Mahadev Satyanarayanan},
  title     = {Pervasive computing: vision and challenges},
  journal   = {{IEEE} Wirel. Commun.},
  volume    = {8},
  number    = {4},
  pages     = {10--17},
  year      = {2001},
 _url      = {https://doi.org/10.1109/98.943998},
  doi       = {10.1109/98.943998},
  timestamp = {Sun, 17 May 2020 00:26:49 +0200},
  biburl    = {https://dblp.org/rec/journals/wc/Satyanarayanan01.bib},
  bibsource = {dblp computer science bibliography, https://dblp.org}
}

@article{DBLP:journals/computer/Abowd16,
  author    = {Gregory D. Abowd},
  title     = {Beyond Weiser: From Ubiquitous to Collective Computing},
  journal   = {Computer},
  volume    = {49},
  number    = {1},
  pages     = {17--23},
  year      = {2016},
 _url      = {https://doi.org/10.1109/MC.2016.22},
  doi       = {10.1109/MC.2016.22},
  timestamp = {Wed, 12 Aug 2020 10:32:21 +0200},
  biburl    = {https://dblp.org/rec/journals/computer/Abowd16.bib},
  bibsource = {dblp computer science bibliography, https://dblp.org}
}

@book{bonabeau1999swarm-intelligence,
  title={Swarm intelligence: from natural to artificial systems},
  author={Bonabeau, Eric and Theraulaz, Guy and Dorigo, Marco and Theraulaz, Guy and Marco, Directeur de Recherches Du Fnrs and others},
  number={1},
  year={1999},
  publisher={Oxford university press}
}

@article{DBLP:journals/corr/abs-1907-09475,
  author    = {Siqi Liu and
               Kee Yuan Ngiam and
               Mengling Feng},
  title     = {Deep Reinforcement Learning for Clinical Decision Support: {A} Brief
               Survey},
  journal   = {CoRR},
  volume    = {abs/1907.09475},
  year      = {2019},
  _url       = {http://arxiv.org/abs/1907.09475},
  eprinttype = {arXiv},
  eprint    = {1907.09475},
  timestamp = {Tue, 30 Jul 2019 12:52:26 +0200},
  biburl    = {https://dblp.org/rec/journals/corr/abs-1907-09475.bib},
  bibsource = {dblp computer science bibliography, https://dblp.org}
}
@inproceedings{aguzzi2022coord-ac-rl,
  author    = {Gianluca Aguzzi and Roberto Casadei and
               Mirko Viroli},
  editor    = {Maurice H ter Beek and
               Marjan Sirjani},
  title     = {Towards Reinforcement Learning-based
Aggregate Computing},
  booktitle = {Coordination Models and Languages - 24th International
               Conference, {COORDINATION} 2022, Held as Part of the 17th International
               Federated Conference on Distributed Computing Techniques, DisCoTec
               2022, Lucca, Italy, June 13-17, 2022, Proceedings},
  series    = {Lecture Notes in Computer Science},
  _volume    = {},
  _pages     = {},
  _publisher = {Springer},
  year      = {2022},
  _url       = {https://doi.org/XXX},
  _doi       = {XXX},
  note = {Accepted for publication}
}

@inproceedings{aguzzi2022roadmap-ac-rl,
  author    = {Gianluca Aguzzi and Roberto Casadei and
               Mirko Viroli},
  _editor    = {XZY},
  title     = {Machine Learning for Aggregate Computing: a Research Roadmap},
  booktitle = {2022 IEEE 42nd International Conference on Distributed Computing Systems Workshops (ICDCSW)},
  _series    = {},
  _volume    = {},
  _pages     = {},
  _publisher = {Springer},
  year      = {2022},
  _url       = {https://doi.org/XXX},
  _doi       = {XXX},
  note = {Accepted for publication}
}

@article{DBLP:journals/jmlr/HuttenrauchSN19,
  author    = {Maximilian H{\"{u}}ttenrauch and
               Adrian Sosic and
               Gerhard Neumann},
  title     = {Deep Reinforcement Learning for Swarm Systems},
  journal   = {J. Mach. Learn. Res.},
  volume    = {20},
  pages     = {54:1--54:31},
  year      = {2019},
  url       = {http://jmlr.org/papers/v20/18-476.html},
  timestamp = {Wed, 10 Jul 2019 15:28:04 +0200},
  biburl    = {https://dblp.org/rec/journals/jmlr/HuttenrauchSN19.bib},
  bibsource = {dblp computer science bibliography, https://dblp.org}
}
