@article{DBLP:journals/anor/Parunak97,
  author       = {H. Van Dyke Parunak},
  title        = {"Go to the ant": Engineering principles from natural multi-agent systems},
  journal      = {Ann. Oper. Res.},
  volume       = {75},
  pages        = {69--101},
  year         = {1997},
  doi          = {10.1023/A\%3A1018980001403}
}

@inproceedings{DBLP:conf/e4mas/TummoliniCRVO04,
  author       = {Luca Tummolini and
                  Cristiano Castelfranchi and
                  Alessandro Ricci and
                  Mirko Viroli and
                  Andrea Omicini},
  title        = {``Exhibitionists'' and ``Voyeurs'' Do It Better: {A} Shared Environment
                  for Flexible Coordination with Tacit Messages},
  booktitle    = {Proc. of Int. Workshop on Environments for Multi-Agent Systems},
  _volume       = {3374},
  pages        = {215--231},
  publisher    = {Springer},
  year         = {2004},
  doi          = {10.1007/978-3-540-32259-7\_11},
}
@article{DBLP:journals/ijaci/CastelfranchiPT10,
  author       = {Cristiano Castelfranchi and
                  Giovanni Pezzulo and
                  Luca Tummolini},
  title        = {Behavioral Implicit Communication {(BIC):} Communicating with Smart
                  Environments},
  journal      = {Int. J. Ambient Comput. Intell.},
  volume       = {2},
  number       = {1},
  pages        = {1--12},
  year         = {2010},
  doi          = {10.4018/jaci.2010010101},
}

@article{Zhou2020AIOpen,
	title = {Graph neural networks: A review of methods and applications},
	journal = {AI Open},
	volume = {1},
	pages = {57-81},
	year = {2020},
	issn = {2666-6510},
	doi = {10.1016/j.aiopen.2021.01.001},
	author = {Jie Zhou and Ganqu Cui and Shengding Hu and Zhengyan Zhang and Cheng Yang and Zhiyuan Liu and Lifeng Wang and Changcheng Li and Maosong Sun},
}

@article{Silver2016Go,
  author       = {David Silver and
                  Aja Huang and
                  Chris J. Maddison and
                 et al.},
  title        = {Mastering the game of Go with deep neural networks and tree search},
  journal      = {Nature},
  volume       = {529},
  number       = {7587},
  pages        = {484--489},
  year         = {2016},
  doi          = {10.1038/nature16961},
}
Arthur Guez and
Laurent Sifre and
George van den Driessche and
Julian Schrittwieser and
Ioannis Antonoglou and
Vedavyas Panneershelvam and
Marc Lanctot and
Sander Dieleman and
Dominik Grewe and
John Nham and
Nal Kalchbrenner and
Ilya Sutskever and
Timothy P. Lillicrap and
Madeleine Leach and
Koray Kavukcuoglu and
Thore Graepel and
Demis Hassabis},

@article{ChatGPT2023,
  author       = {Christoph Leiter and
                  Ran Zhang and
                  Yanran Chen and
                  Jonas Belouadi and
                  Daniil Larionov and
                  Vivian Fresen and
                  Steffen Eger},
  title        = {ChatGPT: {A} Meta-Analysis after 2.5 Months},
  journal      = {CoRR},
  volume       = {abs/2302.13795},
  year         = {2023},
  doi          = {10.48550/arXiv.2302.13795},
  eprinttype    = {arXiv},
  eprint       = {2302.13795},
}

@article{Atari2016DQN,
  author       = {Ionel{-}Alexandru Hosu and
                  Traian Rebedea},
  title        = {Playing Atari Games with Deep Reinforcement Learning and Human Checkpoint
                  Replay},
  journal      = {CoRR},
  volume       = {abs/1607.05077},
  year         = {2016},
  eprinttype    = {arXiv},
  eprint       = {1607.05077},
}
@article{Sutton1998,
  doi = {10.1109/tnn.1998.712192},
  year = {1998},
  publisher = {Institute of Electrical and Electronics Engineers ({IEEE})},
  volume = {9},
  number = {5},
  pages = {1054--1054},
  author = {R.S. Sutton and A.G. Barto},
  title = {Reinforcement Learning: An Introduction},
  journal = {{IEEE} Transactions on Neural Networks}
}


@inproceedings{Decpomdp2000,
  author       = {Daniel S. Bernstein and
                  Shlomo Zilberstein and
                  Neil Immerman},
 
  title        = {The Complexity of Decentralized Control of Markov Decision Processes},
  booktitle    = {Proc. of the Conf. in Uncertainty in Artificial
                  Intelligence},
  pages        = {32--37},
  _publisher    = {Morgan Kaufmann},
  year         = {2000},
}

@phdthesis{yang2021many,
  title={Many-agent Reinforcement Learning},
  author={Yang, Yaodong},
  year={2021},
  school={UCL (University College London)}
}

@article{zhang2019marl,
  author       = {Kaiqing Zhang and
                  Zhuoran Yang and
                  Tamer Basar},
  title        = {Multi-Agent Reinforcement Learning: {A} Selective Overview of Theories
                  and Algorithms},
  journal      = {CoRR},
  volume       = {abs/1911.10635},
  year         = {2019},
  eprinttype    = {arXiv},
  eprint       = {1911.10635},
}


@InProc.{pmlr-v80-yang18d,
  title = 	 {Mean Field Multi-Agent Reinforcement Learning},
  author =       {Yang, Yaodong and Luo, Rui and Li, Minne and Zhou, Ming and Zhang, Weinan and Wang, Jun},
  booktitle = 	 {Proc. of the Int. Conf. on Machine Learning},
  pages = 	 {5571--5580},
  year = 	 {2018},
  volume = 	 {80},
  series = 	 {Proc. of Machine Learning Research},
  publisher =    {PMLR},
}

@inproceedings{DBLP:conf/atal/SosicKZK17,
  author       = {Adrian Sosic and
                  Wasiur R. KhudaBukhsh and
                  Abdelhak M. Zoubir and
                  Heinz Koeppl},
  title        = {Inverse Reinforcement Learning in Swarm Systems},
  booktitle    = {Proc. of AAMAS},
  pages        = {1413--1421},
  publisher    = {{ACM}},
  year         = {2017},
 
}
@article{oshea2015introduction,
  title={An Introduction to Convolutional Neural Networks},
  author={O'Shea, Keiron and Nash, Ryan},
  journal={arXiv preprint arXiv:1511.08458},
  year={2015}
}

@article{brambilla2013swarm,
  author       = {Manuele Brambilla and
                  Eliseo Ferrante and
                  Mauro Birattari and
                  Marco Dorigo},
  title        = {Swarm robotics: a review from the swarm engineering perspective},
  journal      = {Swarm Intell.},
  volume       = {7},
  number       = {1},
  pages        = {1--41},
  year         = {2013},
  doi          = {10.1007/s11721-012-0075-2},
}

@article{zhou2019cyber,
	title={Cyber-physical-social systems: A state-of-the-art survey, challenges and opportunities},
	author={Zhou, Yuchen and Yu, F Richard and Chen, Jian and Kuo, Yonghong},
	journal={IEEE Communications Surveys \& Tutorials},
	volume={22},
	number={1},
	pages={389--425},
	year={2019},
	publisher={IEEE}
}


@inproceedings{DBLP:conf/aaai/ZhengYCZZWY18,
  author       = {Lianmin Zheng and
                  Jiacheng Yang and
                  Han Cai and
                  Ming Zhou and
                  Weinan Zhang and
                  Jun Wang and
                  Yong Yu},
  title        = {MAgent: {A} Many-Agent Reinforcement Learning Platform for Artificial
                  Collective Intelligence},
  booktitle    = {Proc. of the Conf. on Artificial Intelligence},
  pages        = {8222--8223},
  publisher    = {{AAAI} Press},
  year         = {2018},
}

@inproceedings{DBLP:conf/corl/TolstayaGPP0R19,
  author       = {Ekaterina I. Tolstaya and
                  Fernando Gama and
                  James Paulos and
                  George J. Pappas and
                  Vijay Kumar and
                  Alejandro Ribeiro},
  title        = {Learning Decentralized Controllers for Robot Swarms with Graph Neural
                  Networks},
  booktitle    = {Proc. of the Conf. on Robot Learning},
  _series       = {Proc. of Machine Learning Research},
  _volume       = {100},
  pages        = {671--682},
  _publisher    = {{PMLR}},
  year         = {2019},
}

@inproceedings{DBLP:conf/icra/GosrichMLPYR022,
  author       = {Walker Gosrich and
                  Siddharth Mayya and
                  Rebecca Li and
                  James Paulos and
                  Mark Yim and
                  Alejandro Ribeiro and
                  Vijay Kumar},
  title        = {Coverage Control in Multi-Robot Systems via Graph Neural Networks},
  booktitle    = {Proc. of the  Int. Conf. on Robotics and Automation},
  pages        = {8787--8793},
  publisher    = {{IEEE}},
  year         = {2022},
  doi          = {10.1109/ICRA46639.2022.9811854},
}

@inproceedings{tolstaya2020learning,
  title={Learning decentralized controllers for robot swarms with graph neural networks},
  author={Tolstaya, Ekaterina and Gama, Fernando and Paulos, James and Pappas, George and Kumar, Vijay and Ribeiro, Alejandro},
  booktitle={Proc. of the Conf. on Robot Learning},
  pages={671--682},
  year={2020},
  organization={PMLR}
}

@article{DBLP:journals/pervasive/MameiZL04,
  author       = {Marco Mamei and
                  Franco Zambonelli and
                  Letizia Leonardi},
  title        = {Co-Fields: {A} Physically Inspired Approach to Motion Coordination},
  journal      = {{IEEE} Pervasive Computing},
  volume       = {3},
  number       = {2},
  pages        = {52--61},
  year         = {2004},
 doi          = {10.1109/MPRV.2004.1316820},
}

@inproceedings{DBLP:conf/icra/Warren89,
  author       = {Charles W. Warren},
  title        = {Global path planning using artificial potential fields},
  booktitle    = {IEEE Conf. on Robotics
                  and Automation},
  _pages        = {316--321},
  _publisher    = {{IEEE} Computer Society},
  year         = {1989},
  doi          = {10.1109/ROBOT.1989.100007},
}

@article{DBLP:journals/corr/abs-2201-03473,
  author       = {Roberto Casadei},
  title        = {Macroprogramming: Concepts, State of the Art, and Opportunities of
                  Macroscopic Behaviour Modelling},
  journal      = {CoRR},
  volume       = {abs/2201.03473},
  year         = {2022},
  eprinttype    = {arXiv},
  eprint       = {2201.03473},
}

@inproceedings{DBLP:conf/saso/ViroliBDP15,
  author       = {Mirko Viroli and
                  Jacob Beal and
                  Ferruccio Damiani and
                  Danilo Pianini},
  title        = {Efficient Engineering of Complex Self-Organising Systems by Self-Stabilising
                  Fields},
  _booktitle    = {2015 {IEEE} 9th International Conference on Self-Adaptive and Self-Organizing
                  Systems, Cambridge, MA, USA, September 21-25, 2015},
  booktitle    = {2015 {IEEE} SASO conference},
  pages        = {81--90},
  _publisher    = {{IEEE} Computer Society},
  year         = {2015},
  _url          = {https://doi.org/10.1109/SASO.2015.16},
  doi          = {10.1109/SASO.2015.16},
  timestamp    = {Fri, 24 Mar 2023 00:01:54 +0100},
  biburl       = {https://dblp.org/rec/conf/saso/ViroliBDP15.bib},
  bibsource    = {dblp computer science bibliography, https://dblp.org}
}

@article{DBLP:journals/corr/ViroliADPB16,
  author       = {Mirko Viroli and
                  Giorgio Audrito and
                  Ferruccio Damiani and
                  Danilo Pianini and
                  Jacob Beal},
  title        = {A Higher-order Calculus of Computational Fields},
  journal      = {CoRR},
  volume       = {abs/1610.08116},
  year         = {2016},
  eprinttype    = {arXiv},
  eprint       = {1610.08116},
 
}

@article{DBLP:journals/tocl/AudritoVDPB19,
  author       = {Giorgio Audrito and
                  Mirko Viroli and
                  Ferruccio Damiani and
                  Danilo Pianini and
                  Jacob Beal},
  title        = {A Higher-Order Calculus of Computational Fields},
  journal      = {{ACM} Trans. Comput. Log.},
  volume       = {20},
  number       = {1},
  pages        = {5:1--5:55},
  year         = {2019},
  doi          = {10.1145/3285956},
}

@article{werbos1975beyond,
  title={Beyond regression: New tools for prediction and analysis in the behavioral sciences},
  author={Werbos, Paul J},
  journal={PhD thesis, Harvard University},
  year={1975}
}\

@inproceedings{DBLP:conf/coordination/AguzziCV22,
  author       = {Gianluca Aguzzi and
                  Roberto Casadei and
                  Mirko Viroli},
  title        = {Towards Reinforcement Learning-based Aggregate Computing},
  booktitle    = {Proc. of the Int. Conf. on Coordination Models and Languages},
  _series       = {Lecture Notes in Computer Science},
  _volume       = {13271},
  pages        = {72--91},
  publisher    = {Springer},
  year         = {2022},
  doi          = {10.1007/978-3-031-08143-9\_5},
}

@inproceedings{DBLP:conf/icdcs/AguzziCV22,
  author       = {Gianluca Aguzzi and
                  Roberto Casadei and
                  Mirko Viroli},
  title        = {Machine Learning for Aggregate Computing: a Research Roadmap},
  booktitle    = {Proc. of the Int. Conf. on Distributed Computing Systems},
  pages        = {119--124},
  publisher    = {{IEEE}},
  year         = {2022},
  doi          = {10.1109/ICDCSW56584.2022.00032},
}

@inproceedings{DBLP:conf/acsos/Aguzzi21,
  author       = {Gianluca Aguzzi},
  title        = {Research directions for Aggregate Computing with Machine Learning},
  booktitle    = {Proc. of the Int. Conf. on Autonomic Computing and Self-Organizing
                  Systems},
  pages        = {310--312},
  publisher    = {{IEEE}},
  year         = {2021},
  doi          = {10.1109/ACSOS-C52956.2021.00078},
}

@article{mnih2015playing,
  title={Playing Atari with Deep Reinforcement Learning},
  author={Mnih, Volodymyr and Kavukcuoglu, Koray and Silver, David and Rusu, Andrei A and Veness, Joel and Bellemare, Marc G and Graves, Alex and Riedmiller, Martin and Fidjeland, Andreas K and Ostrovski, Georg and others},
  journal={arXiv preprint arXiv:1312.5602},
  year={2015}
}

@inproceedings{DBLP:conf/nips/LoweWTHAM17,
  author       = {Ryan Lowe and
                  Yi Wu and
                  Aviv Tamar and
                  Jean Harb and
                  Pieter Abbeel and
                  Igor Mordatch},
  title        = {Multi-Agent Actor-Critic for Mixed Cooperative-Competitive Environments},
  booktitle    = {Proc. of the Annual Conf.
                  on Neural Information Processing Systems},
  pages        = {6379--6390},
  year         = {2017},
}

@article{wu2022more,
  title={More Centralized Training, Still Decentralized Execution: Multi-Agent Conditional Policy Factorization},
  author={Wu, Yifan and Li, Yujie and Wang, Ziyang and Zhang, Yuchen and Zhang, Tong},
  journal={arXiv preprint arXiv:2209.12681},
  year={2022}
}

@article{song2022ctds,
  title={CTDS: Centralized Teacher with Decentralized Student for Multi-Agent Reinforcement Learning},
  author={Song, Yuhang and Li, Yujie and Wang, Ziyang and Zhang, Yuchen and Zhang, Tong},
  journal={arXiv preprint arXiv:2203.08412},
  year={2022}
}

@article{song2022centralized,
  title={Centralized Training with Hybrid Execution in Multi-Agent Reinforcement Learning},
  author={Song, Yuhang and Li, Yujie and Wang, Ziyang and Zhang, Yuchen and Zhang, Tong},
  journal={arXiv preprint arXiv:2210.06274},
  year={2022}
}

@inproceedings{esterle2017future,
	title={The future of camera networks: Staying smart in a chaotic world},
	author={Esterle, Lukas and Lewis, Peter R and McBride, Richie and Yao, Xin},
	booktitle={Proc. of the Int. Conf. on Distributed Smart Cameras},
	pages={163--168},
	year={2017}
}

@article{esterle2020distributed,
	title={Distributed autonomy and trade-offs in online multiobject k-coverage},
	author={Esterle, Lukas and Lewis, Peter R},
	journal={Computational Intelligence},
	volume={36},
	number={2},
	pages={720--742},
	year={2020},
	publisher={Wiley Online Library}
}

@article{dafoe2020open,
	title={Open problems in cooperative AI},
	author={Dafoe, Allan and Hughes, Edward and Bachrach, Yoram and Collins, Tantum and McKee, Kevin R and Leibo, Joel Z and Larson, Kate and Graepel, Thore},
	journal={arXiv preprint arXiv:2012.08630},
	year={2020}
}

@article{jennings1996coordination,
	title={Coordination techniques for distributed artificial intelligence},
	year={1996},
  author={Jennings, Nick R},
	publisher={Wiley}
}
@article{pellegrini2020learning,
	title={Learning aggregation functions},
	author={Pellegrini, Giovanni and Tibo, Alessandro and Frasconi, Paolo and Passerini, Andrea and Jaeger, Manfred},
	journal={arXiv preprint arXiv:2012.08482},
	year={2020}
}

@inproceedings{yang2018mean,
	title={Mean field multi-agent reinforcement learning},
	author={Yang, Yaodong and Luo, Rui and Li, Minne and Zhou, Ming and Zhang, Weinan and Wang, Jun},
	booktitle={Proc. of the Int. Conf. on Machine Learning},
	pages={5571--5580},
	year={2018},
	organization={PMLR}
}

@article{frikha2023actor,
	title={Actor-Critic learning for mean-field control in continuous time},
	author={Frikha, Noufel and Germain, Maximilien and Lauri{\`e}re, Mathieu and Pham, Huy{\^e}n and Song, Xuanye},
	journal={arXiv preprint arXiv:2303.06993},
	year={2023}
}

@article{DBLP:journals/jlap/ViroliBDACP19,
  author       = {Mirko Viroli and
                  Jacob Beal and
                  Ferruccio Damiani and
                  Giorgio Audrito and
                  Roberto Casadei and
                  Danilo Pianini},
  title        = {From distributed coordination to field calculus and aggregate computing},
  journal      = {J. Log. Algebraic Methods Program.},
  volume       = {109},
  year         = {2019},
  doi          = {10.1016/j.jlamp.2019.100486},
}

@inproceedings{DBLP:conf/saso/WolfH07,
  author       = {Tom De Wolf and
                  Tom Holvoet},
  title        = {Designing Self-Organising Emergent Systems based on Information Flows
                  and Feedback-loops},
  booktitlioe    = {Proc. of the Int. Conf. on Self-Adaptive
                  and Self-Organizing Systems},
  pages        = {295--298},
  publisher    = {{IEEE} Computer Society},
  year         = {2007},
  doi          = {10.1109/SASO.2007.16},
}



@article{pianini2022collective,
	title={A collective adaptive approach to decentralised k-coverage in multi-robot systems},
	author={Pianini, Danilo and Pettinari, Federico and Casadei, Roberto and Esterle, Lukas},
	journal={ACM Trans. on Auton. and Adapt. Systems},
	volume={17},
	number={1-2},
	pages={1--39},
	year={2022},
	publisher={ACM New York, NY}
}

@article{mnih2015human,
	title={Human-level control through deep reinforcement learning},
	author={Mnih, Volodymyr and Kavukcuoglu, Koray and Silver, David and et al.},
	journal={Nature},
	volume={518},
	_number={7540},
	_pages={529--533},
	year={2015},
	publisher={Nature Publishing Group}
}
Rusu, Andrei A and Veness, Joel and Bellemare, Marc G and Graves, Alex and Riedmiller, Martin and Fidjeland, Andreas K and Ostrovski, Georg and others},

@article{DBLP:journals/aiopen/ZhouCHZYLWLS20,
  author       = {Jie Zhou and
                  Ganqu Cui and
                  Shengding Hu and 
                  et al.},
  title        = {Graph neural networks: {A} review of methods and applications},
  journal      = {{AI} Open},
  volume       = {1},
  pages        = {57--81},
  year         = {2020},
  doi          = {10.1016/j.aiopen.2021.01.001},
}

Zhengyan Zhang and
Cheng Yang and
Zhiyuan Liu and
Lifeng Wang and
Changcheng Li and
Maosong Sun},

@inproceedings{DBLP:conf/nips/KnyazevTA19,
  author       = {Boris Knyazev and
                  Graham W. Taylor and
                  Mohamed R. Amer},
  title        = {Understanding Attention and Generalization in Graph Neural Networks},
  booktitle    = {Conf. on Advances in Neural Information Processing Systems},
  pages        = {4204--4214},
  year         = {2019},
}

@article{DBLP:journals/corr/abs-1903-02428,
  author       = {Matthias Fey and
                  Jan Eric Lenssen},
  title        = {Fast Graph Representation Learning with PyTorch Geometric},
  journal      = {CoRR},
  volume       = {abs/1903.02428},
  year         = {2019},
  eprinttype    = {arXiv},
  eprint       = {1903.02428},
}
a service of  Schloss Dagstuhl - Leibniz Center for Informatics	homebrowsesearchaboutnfdi

@article{wang2019deep,
  title={Deep graph library: A graph-centric, highly-performant package for graph neural networks},
  journal={arXiv preprint arXiv:1909.01315},
  author={Wang, Minjie and Zheng, Da and Ye, Zihao and et al.},
  year={2019}
}
Gan, Quan and Li, Mufei and Song, Xiang and Zhou, Jinjing and Ma, Chao and Yu, Lingfan and Gai, Yu and others},


@article{alchemist,
  doi = {10.1057/jos.2012.27},
  year = {2013},
  publisher = {Informa {UK} Limited},
  volume = {7},
  number = {3},
  pages = {202--215},
  author = {D Pianini and S Montagna and M Viroli},
  title = {Chemical-oriented simulation of computational systems with {ALCHEMIST}},
  journal = {J. of Simulation}
}

@inproceedings{Fey/Lenssen/2019,
  title={Fast Graph Representation Learning with {PyTorch Geometric}},
  author={Fey, Matthias and Lenssen, Jan E.},
  booktitle={ICLR Workshop on Representation Learning on Graphs and Manifolds},
  year={2019},
}

@misc{torch,
  author = {Paszke, Adam and Gross, Sam and Massa, Francisco and et al.},
  title = {{PyTorch: An Imperative Style, High-Performance Deep Learning Library}},
  year = {2019},
  publisher = {PyTorch},
  howpublished = {\url{https://pytorch.org}},
}
 Lerer, Adam and Bradbury, James and Chanan, Gregory and Killeen, Trevor and Lin, Zeming and Gimelshein, Natalia and Antiga, Luca and Desmaison, Alban and Kopf, Andreas and Yang, Edward and DeVito, Zachary and Raison, Martin and Tejani, Alykhan and Chilamkurthy, Sasank and Steiner, Benoit and Fang, Lu and Bai, Junjie and Chintala, Soumith},

@article{casadei2022scafi,
  title={ScaFi: A Scala DSL and Toolkit for Aggregate Programming},
  author={Casadei, Roberto and Viroli, Mirko and Aguzzi, Gianluca and Pianini, Danilo},
  journal={SoftwareX},
  volume={20},
  pages={101248},
  year={2022},
  publisher={Elsevier}
}

@article{DBLP:journals/corr/abs-2204-04879,
  author       = {Dongkwan Kim and
                  Alice Oh},
  title        = {How to Find Your Friendly Neighborhood: Graph Attention Design with
                  Self-Supervision},
  journal      = {CoRR},
  volume       = {abs/2204.04879},
  year         = {2022},
  doi          = {10.48550/arXiv.2204.04879},
  eprinttype    = {arXiv},
  eprint       = {2204.04879},
}

@article{DBLP:journals/firai/SchranzUSE20,
  author       = {Melanie Schranz and
                  Martina Umlauft and
                  Micha Sende and
                  Wilfried Elmenreich},
  title        = {Swarm Robotic Behaviors and Current Applications},
  journal      = {Frontiers Robotics {AI}},
  volume       = {7},
  _pages        = {36},
  year         = {2020},
  doi          = {10.3389/frobt.2020.00036},
}

@inproceedings{bajovic2021marvel,
	title={Marvel: Multimodal extreme scale data analytics for smart cities environments},
	author={Bajovic, Dragana and Bakhtiarnia, Arian and Bravos, George and et al.},
	booktitle={Conf. on Communications and Networking},
	pages={143--147},
	year={2021},
	organization={IEEE}
}
Brutti, Alessio and Burkhardt, Felix and Cauchi, Daniel and Chazapis, Antony and Cianco, Claire and Dall’Asen, Nicola and Delic, Vlado and others},

@inproceedings{DBLP:conf/icml/GilmerSRVD17,
  author       = {Justin Gilmer and
                  Samuel S. Schoenholz and
                  Patrick F. Riley and
                  Oriol Vinyals and
                  George E. Dahl},
  title        = {Neural Message Passing for Quantum Chemistry},
  booktitle    = {Proc. of the 34th International Conference on Machine Learning},
  pages        = {1263--1272},
  year         = {2017},
}