@article{ACDV-LMCS2023,
  TITLE = {{Computation Against a Neighbour: Addressing Large-Scale Distribution and
  Adaptivity with Functional Programming and Scala}},
  AUTHOR = {Giorgio Audrito and Roberto Casadei and Ferruccio Damiani and Mirko Viroli},
  URL = {https://lmcs.episciences.org/10826},
  _doi = {10.46298/lmcs-19(1:6)2023},
  JOURNAL = {{Logical Methods in Computer Science}},
  VOLUME = {{Volume 19, Issue 1}},
  YEAR = {2023},
  MONTH = Jan,
  KEYWORDS = {Computer Science - Distributed, Parallel, and Cluster Computing ; Computer Science - Logic in Computer Science ; Computer Science - Programming Languages},
}


@article{AVDPB-TOCL2019,
 author = {Audrito, Giorgio and Viroli, Mirko and Damiani, Ferruccio and Pianini, Danilo and Beal, Jacob},
 title = {A Higher-Order Calculus of Computational Fields},
 _journal = {ACM Trans. Comput. Logic},
 journal = {ACM Transactions on Computational Logic},
 issue_date = {January 2019},
 volume = {20},
 number = {1},
 month = jan,
 year = {2019},
 issn = {1529-3785},
 pages = {5:1--5:55},
 articleno = {5},
 numpages = {55},
 url = {http://doi.acm.org/10.1145/3285956},
 _doi = {10.1145/3285956},
 acmid = {3285956},
 publisher = {ACM},
 address = {New York, NY, USA},
 keywords = {Adequacy, aggregate programming, computational field, core calculus, full abstraction, spatial computing, type inference system, type soundness},
}


@article{DBLP:journals/swarm/BrambillaFBD13,
  author    = {Manuele Brambilla and
               Eliseo Ferrante and
               Mauro Birattari and
               Marco Dorigo},
  title     = {Swarm robotics: a review from the swarm engineering perspective},
  journal   = {Swarm Intell.},
  volume    = {7},
  number    = {1},
  pages     = {1--41},
  year      = {2013},
  url       = {https://doi.org/10.1007/s11721-012-0075-2},
  _doi       = {10.1007/s11721-012-0075-2},
  timestamp = {Thu, 09 Jul 2020 22:44:24 +0200},
  biburl    = {https://dblp.org/rec/journals/swarm/BrambillaFBD13.bib},
  bibsource = {dblp computer science bibliography, https://dblp.org}
}

@book{bonabeau1999swarmintelligence-book,
  title={Swarm intelligence: from natural to artificial systems},
  author={Bonabeau, Eric and Dorigo, Marco and Th{\'e}raulaz, Guy},
  year={1999},
  publisher={Oxford university press},
  isbn      = {978-0-19-513159-8},
  series    = {Santa Fe Institute Studies in the Sciences of Complexity}
}

@article{DBLP:journals/software/PinciroliB16,
  author    = {Carlo Pinciroli and
               Giovanni Beltrame},
  title     = {Buzz: {A} Programming Language for Robot Swarms},
  journal   = {{IEEE} Softw.},
  volume    = {33},
  number    = {4},
  pages     = {97--100},
  year      = {2016},
  url       = {https://doi.org/10.1109/MS.2016.95},
  _doi       = {10.1109/MS.2016.95},
  timestamp = {Mon, 08 Jun 2020 22:32:38 +0200},
  biburl    = {https://dblp.org/rec/journals/software/PinciroliB16.bib},
  bibsource = {dblp computer science bibliography, https://dblp.org}
}

@inproceedings{DBLP:conf/iros/PinciroliB16,
  author    = {Carlo Pinciroli and
               Giovanni Beltrame},
  title     = {Buzz: An extensible programming language for heterogeneous swarm robotics},
  booktitle = {2016 {IEEE/RSJ} International Conference on Intelligent Robots and
               Systems, {IROS} 2016, Daejeon, South Korea, October 9-14, 2016},
  pages     = {3794--3800},
  publisher = {{IEEE}},
  year      = {2016},
  url       = {https://doi.org/10.1109/IROS.2016.7759558},
  _doi       = {10.1109/IROS.2016.7759558},
  timestamp = {Wed, 16 Oct 2019 14:14:51 +0200},
  biburl    = {https://dblp.org/rec/conf/iros/PinciroliB16.bib},
  bibsource = {dblp computer science bibliography, https://dblp.org}
}

@article{DBLP:journals/firai/SchranzUSE20,
  author    = {Melanie Schranz and
               Martina Umlauft and
               Micha Sende and
               Wilfried Elmenreich},
  title     = {Swarm Robotic Behaviors and Current Applications},
  journal   = {Frontiers Robotics {AI}},
  volume    = {7},
  pages     = {36},
  year      = {2020},
  url       = {https://doi.org/10.3389/frobt.2020.00036},
  _doi       = {10.3389/frobt.2020.00036},
  timestamp = {Tue, 16 Aug 2022 23:05:54 +0200},
  biburl    = {https://dblp.org/rec/journals/firai/SchranzUSE20.bib},
  bibsource = {dblp computer science bibliography, https://dblp.org}
}

@article{DBLP:journals/jiii/TahirBHTP19,
  author    = {Anam Tahir and
               Jari B{\"{o}}ling and
               Mohammad Hashem Haghbayan and
               Hannu T. Toivonen and
               Juha Plosila},
  title     = {Swarms of Unmanned Aerial Vehicles - {A} Survey},
  journal   = {J. Ind. Inf. Integr.},
  volume    = {16},
  pages     = {100106},
  year      = {2019},
  url       = {https://doi.org/10.1016/j.jii.2019.100106},
  _doi       = {10.1016/j.jii.2019.100106},
  timestamp = {Thu, 25 Nov 2021 09:40:13 +0100},
  biburl    = {https://dblp.org/rec/journals/jiii/TahirBHTP19.bib},
  bibsource = {dblp computer science bibliography, https://dblp.org}
}

@article{DBLP:journals/wc/GalininaMH0K18,
  author    = {Olga Galinina and
               Konstantin Mikhaylov and
               Kaibin Huang and
               Sergey Andreev and
               Yevgeni Koucheryavy},
  title     = {Wirelessly Powered Urban Crowd Sensing over Wearables: Trading Energy
               for Data},
  journal   = {{IEEE} Wirel. Commun.},
  volume    = {25},
  number    = {2},
  pages     = {140--149},
  year      = {2018},
  url       = {https://doi.org/10.1109/MWC.2018.1600468},
  _doi       = {10.1109/MWC.2018.1600468},
  timestamp = {Tue, 24 Mar 2020 08:54:44 +0100},
  biburl    = {https://dblp.org/rec/journals/wc/GalininaMH0K18.bib},
  bibsource = {dblp computer science bibliography, https://dblp.org}
}


@article{Casadei2023,
  _doi = {10.1145/3579353},
  url = {https://doi.org/10.1145/3579353},
  year = {2023},
  month = jan,
  publisher = {Association for Computing Machinery ({ACM})},
  author = {Roberto Casadei},
  title = {Macroprogramming: Concepts,  State of the Art,  and Opportunities of Macroscopic Behaviour Modelling},
  journal = {{ACM} Computing Surveys}
}

@BOOK{Tumer2004collectives,
  title     = "Collectives and the design of complex systems",
  editor    = "Tumer, Kagan and Wolpert, David",
  publisher = "Springer",
  month     =  dec,
  year      =  2004,
  address   = "New York, NY",
  language  = "en"
}

@article{DBLP:journals/corr/abs-1911-10635,
  author    = {Kaiqing Zhang and
               Zhuoran Yang and
               Tamer Basar},
  title     = {Multi-Agent Reinforcement Learning: {A} Selective Overview of Theories
               and Algorithms},
  journal   = {CoRR},
  volume    = {abs/1911.10635},
  year      = {2019},
  url       = {http://arxiv.org/abs/1911.10635},
  eprinttype = {arXiv},
  eprint    = {1911.10635},
  timestamp = {Tue, 03 Dec 2019 14:15:54 +0100},
  biburl    = {https://dblp.org/rec/journals/corr/abs-1911-10635.bib},
  bibsource = {dblp computer science bibliography, https://dblp.org}
}

@article{DBLP:journals/csur/MottolaP11,
  author    = {Luca Mottola and
               Gian Pietro Picco},
  title     = {Programming wireless sensor networks: Fundamental concepts and state
               of the art},
  journal   = {{ACM} Comput. Surv.},
  volume    = {43},
  number    = {3},
  pages     = {19:1--19:51},
  year      = {2011},
  url       = {https://doi.org/10.1145/1922649.1922656},
  _doi       = {10.1145/1922649.1922656},
  timestamp = {Tue, 06 Nov 2018 12:50:49 +0100},
  biburl    = {https://dblp.org/rec/journals/csur/MottolaP11.bib},
  bibsource = {dblp computer science bibliography, https://dblp.org}
}

@article{DBLP:journals/fgcs/PianiniCVN21,
  author    = {Danilo Pianini and
               Roberto Casadei and
               Mirko Viroli and
               Antonio Natali},
  title     = {Partitioned integration and coordination via the self-organising coordination
               regions pattern},
  journal   = {Future Gener. Comput. Syst.},
  volume    = {114},
  pages     = {44--68},
  year      = {2021},
  url       = {https://doi.org/10.1016/j.future.2020.07.032},
  _doi       = {10.1016/j.future.2020.07.032},
  timestamp = {Mon, 26 Oct 2020 08:22:20 +0100},
  biburl    = {https://dblp.org/rec/journals/fgcs/PianiniCVN21.bib},
  bibsource = {dblp computer science bibliography, https://dblp.org}
}

@inproceedings{DBLP:conf/fois/MasoloVFBP20,
  author    = {Claudio Masolo and
               Laure Vieu and
               Roberta Ferrario and
               Stefano Borgo and
               Daniele Porello},
  editor    = {Boyan Brodaric and
               Fabian Neuhaus},
  title     = {Pluralities, Collectives, and Composites},
  booktitle = {Formal Ontology in Information Systems - Proceedings of the 11th International
               Conference, {FOIS} 2020, Cancelled / Bozen-Bolzano, Italy, September
               14-17, 2020},
  series    = {Frontiers in Artificial Intelligence and Applications},
  volume    = {330},
  pages     = {186--200},
  publisher = {{IOS} Press},
  year      = {2020},
  url       = {https://doi.org/10.3233/FAIA200671},
  _doi       = {10.3233/FAIA200671},
  timestamp = {Sat, 09 Apr 2022 12:42:57 +0200},
  biburl    = {https://dblp.org/rec/conf/fois/MasoloVFBP20.bib},
  bibsource = {dblp computer science bibliography, https://dblp.org}
}

@article{DBLP:journals/jisa/JuniorSBP21,
  author    = {Iwens Gerv{\'{a}}sio {Sene J{\'{u}}nior} and
               Thalia S. Santana and
               Renato F. Bulc{\~{a}}o{-}Neto and
               Barry Porter},
  title     = {The state of the art of macroprogramming in IoT: An update},
  journal   = {J. Internet Serv. Appl.},
  volume    = {13},
  number    = {1},
  pages     = {54--65},
  year      = {2022},
  url       = {https://doi.org/10.5753/jisa.2022.2372},
  _doi       = {10.5753/jisa.2022.2372},
  timestamp = {Wed, 25 Jan 2023 10:28:25 +0100},
  biburl    = {https://dblp.org/rec/journals/jisa/JuniorSBP21.bib},
  bibsource = {dblp computer science bibliography, https://dblp.org}
}

@article{DBLP:journals/wicomm/Mills07,
  author    = {Kevin L. Mills},
  title     = {A brief survey of self-organization in wireless sensor networks},
  journal   = {Wirel. Commun. Mob. Comput.},
  volume    = {7},
  number    = {7},
  pages     = {823--834},
  year      = {2007},
  url       = {https://doi.org/10.1002/wcm.499},
  _doi       = {10.1002/wcm.499},
  timestamp = {Thu, 06 Aug 2020 13:49:23 +0200},
  biburl    = {https://dblp.org/rec/journals/wicomm/Mills07.bib},
  bibsource = {dblp computer science bibliography, https://dblp.org}
}

@article{DBLP:journals/sttt/NicolaJW20,
  author    = {Rocco De Nicola and
               Stefan J{\"{a}}hnichen and
               Martin Wirsing},
  title     = {Rigorous engineering of collective adaptive systems: special section},
  journal   = {Int. J. Softw. Tools Technol. Transf.},
  volume    = {22},
  number    = {4},
  pages     = {389--397},
  year      = {2020},
  url       = {https://doi.org/10.1007/s10009-020-00565-0},
  _doi       = {10.1007/s10009-020-00565-0},
  timestamp = {Sat, 09 Apr 2022 12:29:47 +0200},
  biburl    = {https://dblp.org/rec/journals/sttt/NicolaJW20.bib},
  bibsource = {dblp computer science bibliography, https://dblp.org}
}

@inproceedings{regiment,
	Author = {Ryan Newton and Matt Welsh},
	Booktitle = {Workshop on Data Management for Sensor Networks},
	Pages = {78--87},
	Title = {Region Streams: Functional Macroprogramming for Sensor Networks},
	_doi       = {10.1145/1052199.1052213},
	Year = {2004}}
	
@article{DBLP:journals/corr/Lluch-LafuenteL16,
	author    = {Alberto Lluch{-}Lafuente and
               Michele Loreti and
               Ugo Montanari},
  title     = {Asynchronous Distributed Execution Of Fixpoint-Based Computational
               Fields},
  journal   = {Log. Methods Comput. Sci.},
  volume    = {13},
  number    = {1},
  year      = {2017},
  _url       = {https://doi.org/10.23638/LMCS-13(1:13)2017},
  _doi       = {10.23638/LMCS-13(1:13)2017},
}


@article{DBLP:journals/jlap/ViroliBDACP19,
  author    = {Mirko Viroli and
               Jacob Beal and
               Ferruccio Damiani and
               Giorgio Audrito and
               Roberto Casadei and
               Danilo Pianini},
  title     = {From distributed coordination to field calculus and aggregate computing},
  journal   = {J. Log. Algebraic Methods Program.},
  volume    = {109},
  _doi       = {10.1016/j.jlamp.2019.100486},
  year      = {2019}
}

@inproceedings{Mamei:2004a,
	__doi = {10.1109/PERCOM.2004.1276864},
	Author = {Mamei, Marco and Zambonelli, Franco},
	Booktitle = {Pervasive Computing and Communications, 2004},
	Isbn = {0-7695-2090-1},
	Pages = {263- 273},
	Publisher = {IEEE},
	Title = {Programming pervasive and mobile computing applications with the {TOTA} middleware},
	_doi       = {10.1109/PERCOM.2004.1276864},
	Year = {2004}}
	
@article{abd2020programming-cas-attribute-based,
  title={Programming interactions in collective adaptive systems by relying on attribute-based communication},
  author={Abd Alrahman, Yehia and De Nicola, Rocco and Loreti, Michele},
  journal={Science of Computer Programming},
  volume    = {192},
  year={2020},
  _doi       = {10.1016/j.scico.2020.102428},
  publisher={Elsevier}
}

@article{scel2014taas,
  author    = {De Nicola, Rocco and
               Loreti, Michele and
               Pugliese, Rosario and
               Tiezzi, Francesco},
  title     = {A Formal Approach to Autonomic Systems Programming: The {SCEL} Language},
  journal   = {{ACM} Trans. Auton. Adapt. Syst.},
  volume    = {9},
  number    = {2},
  pages     = {7:1--7:29},
  _doi       = {10.1145/2619998},
  year      = {2014}
}

@incollection{SpatialIGI2013,
	__doi = {10.4018/978-1-4666-2092-6.ch016},
	_Editor = {Marjan Mernik},
	Author = {Jacob Beal and Stefan Dulman and Kyle Usbeck and Mirko Viroli and Nikolaus Correll},
	Booktitle = {Formal and Practical Aspects of Domain-Specific Languages: Recent Developments},
	Chapter = {16},
	Disabled-Note = {A longer version available at: {\tt http://arxiv.org/abs/1202.5509}},
	Isbn = {978-1-4666-2092-6},
	Pages = {436--501},
	Publisher = {IGI Global},
	Title = {Organizing the Aggregate: Languages for Spatial Computing},
	Year = {2013},
	doi= {10.4018/978-1-4666-2092-6.ch016}}

@inproceedings{DBLP:conf/isola/KosakHBWHR20,
  author    = {Oliver Kosak and
               Lukas Huhn and
               Felix Bohn and
               Constantin Wanninger and
               Alwin Hoffmann and
               Wolfgang Reif},
  editor    = {Tiziana Margaria and
               Bernhard Steffen},
  title     = {Maple-Swarm: Programming Collective Behavior for Ensembles by Extending
               {HTN}-Planning},
  booktitle = {Leveraging Applications of Formal Methods, Verification and Validation:
               Engineering Principles - 9th International Symposium on Leveraging
               Applications of Formal Methods, ISoLA 2020, Rhodes, Greece, October
               20-30, 2020, Proceedings, Part {II}},
  series    = {Lecture Notes in Computer Science},
  volume    = {12477},
  pages     = {507--524},
  publisher = {Springer},
  year      = {2020},
  url       = {https://doi.org/10.1007/978-3-030-61470-6\_30},
  _doi       = {10.1007/978-3-030-61470-6\_30},
  timestamp = {Sat, 14 Nov 2020 00:56:54 +0100},
  biburl    = {https://dblp.org/rec/conf/isola/KosakHBWHR20.bib},
  bibsource = {dblp computer science bibliography, https://dblp.org}
}

@inproceedings{paros,
  author    = {Dimitris Dedousis and
               Vana Kalogeraki},
  title     = {A Framework for Programming a Swarm of {UAVs}},
  booktitle = {11th PErvasive Technologies Related to Assistive
               Environments Conference ({PETRA}'18), Proceedings},
  pages     = {5--12},
  publisher = {{ACM}},
  year      = {2018},
  url       = {https://doi.org/10.1145/3197768.3197772},
  _doi       = {10.1145/3197768.3197772},
  timestamp = {Wed, 21 Nov 2018 12:44:24 +0100},
  biburl    = {https://dblp.org/rec/conf/petra/DedousisK18.bib},
  bibsource = {dblp computer science bibliography, https://dblp.org}
}

@inproceedings{lima2018dolphin,
  author    = {Keila Lima and
               Eduardo R. B. Marques and
               Jos{\'{e}} Pinto and
               Jo{\~{a}}o B. Sousa},
  title     = {Dolphin: {A} Task Orchestration Language for Autonomous Vehicle Networks},
  booktitle = {2018 {IEEE/RSJ} International Conference on Intelligent Robots and
               Systems, {IROS} 2018, Madrid, Spain, October 1-5, 2018},
  pages     = {603--610},
  publisher = {{IEEE}},
  year      = {2018},
  url       = {https://doi.org/10.1109/IROS.2018.8594059},
  _doi       = {10.1109/IROS.2018.8594059},
  timestamp = {Sat, 19 Oct 2019 20:08:04 +0200},
  biburl    = {https://dblp.org/rec/conf/iros/LimaMPS18.bib},
  bibsource = {dblp computer science bibliography, https://dblp.org}
}

@inproceedings{Koutsoubelias2016tecola,
  author    = {Manos Koutsoubelias and
               Spyros Lalis},
  _editor    = {Takahiro Hara and
               Hiroshi Shigeno},
  title     = {TeCoLa: {A} Programming Framework for Dynamic and Heterogeneous Robotic
               Teams},
  booktitle = {Proceedings of the 13th International Conference on Mobile and Ubiquitous
               Systems: Computing, Networking and Services (MobiQuitous 2016)},
  pages     = {115--124},
  publisher = {{ACM}},
  year      = {2016},
  url       = {https://doi.org/10.1145/2994374.2994397},
  _doi       = {10.1145/2994374.2994397},
  timestamp = {Tue, 06 Nov 2018 11:07:32 +0100},
  biburl    = {https://dblp.org/rec/conf/mobiquitous/KoutsoubeliasL16.bib},
  bibsource = {dblp computer science bibliography, https://dblp.org}
}

@inproceedings{Mottola2014voltron,
  author    = {Luca Mottola and
               Mattia Moretta and
               Kamin Whitehouse and
               Carlo Ghezzi},
  _editor    = {{\'{A}}kos L{\'{e}}deczi and
               Prabal Dutta and
               Chenyang Lu},
  title     = {Team-level programming of drone sensor networks},
  booktitle = {Proceedings of the 12th {ACM} Conference on Embedded Network Sensor Systems (SenSys'14)},
  pages     = {177--190},
  publisher = {{ACM}},
  year      = {2014},
  url       = {https://doi.org/10.1145/2668332.2668353},
  _doi       = {10.1145/2668332.2668353},
  timestamp = {Tue, 05 Nov 2019 12:22:56 +0100},
  biburl    = {https://dblp.org/rec/conf/sensys/MottolaMWG14.bib},
  bibsource = {dblp computer science bibliography, https://dblp.org}
}

@inproceedings{Meld2007,
  author    = {Michael P. Ashley{-}Rollman and
               Seth Copen Goldstein and
               Peter Lee and
               Todd C. Mowry and
               Padmanabhan Pillai},
  title     = {Meld: {A} declarative approach to programming ensembles},
  booktitle = {2007 {IEEE/RSJ} International Conference on Intelligent Robots and
               Systems},
  pages     = {2794--2800},
  publisher = {{IEEE}},
  year      = {2007},
  url       = {https://doi.org/10.1109/IROS.2007.4399480},
  _doi       = {10.1109/IROS.2007.4399480},
  timestamp = {Wed, 16 Oct 2019 14:14:51 +0200},
  biburl    = {https://dblp.org/rec/conf/iros/Ashley-RollmanGLMP07.bib},
  bibsource = {dblp computer science bibliography, https://dblp.org}
}

@article{DBLP:journals/tomacs/ViroliABDP18,
  author    = {Mirko Viroli and
               Giorgio Audrito and
               Jacob Beal and
               Ferruccio Damiani and
               Danilo Pianini},
  title     = {Engineering Resilient Collective Adaptive Systems by Self-Stabilisation},
  journal   = {{ACM} Trans. Model. Comput. Simul.},
  volume    = {28},
  number    = {2},
  pages     = {16:1--16:28},
  year      = {2018},
  url       = {https://doi.org/10.1145/3177774},
  _doi       = {10.1145/3177774},
  timestamp = {Sat, 08 Jan 2022 02:24:15 +0100},
  biburl    = {https://dblp.org/rec/journals/tomacs/ViroliABDP18.bib},
  bibsource = {dblp computer science bibliography, https://dblp.org}
}

@article{VicsekModeling1995,
  title = {Novel Type of Phase Transition in a System of Self-Driven Particles},
  author = {Vicsek, Tam\'as and Czir\'ok, Andr\'as and Ben-Jacob, Eshel and Cohen, Inon and Shochet, Ofer},
  journal = {Phys. Rev. Lett.},
  volume = {75},
  issue = {6},
  pages = {1226--1229},
  numpages = {0},
  year = {1995},
  month = {Aug},
  publisher = {American Physical Society},
  _doi = {10.1103/PhysRevLett.75.1226},
  url = {https://link.aps.org/doi/10.1103/PhysRevLett.75.1226}
}

@ARTICLE{CuckerSmaleModeling2007,
  author={Cucker, Felipe and Smale, Steve},
  journal={IEEE Transactions on Automatic Control}, 
  title={Emergent Behavior in Flocks}, 
  year={2007},
  volume={52},
  number={5},
  pages={852-862},
  doi={10.1109/TAC.2007.895842}
}

@inproceedings{DBLP:conf/siggraph/Reynolds87,
  author    = {Craig W. Reynolds},
  editor    = {Maureen C. Stone},
  title     = {Flocks, herds and schools: {A} distributed behavioral model},
  booktitle = {Proceedings of the 14th Annual Conference on Computer Graphics and
               Interactive Techniques, {SIGGRAPH} 1987, Anaheim, California, USA,
               July 27-31, 1987},
  pages     = {25--34},
  publisher = {{ACM}},
  year      = {1987},
  url       = {https://doi.org/10.1145/37401.37406},
  _doi       = {10.1145/37401.37406},
  timestamp = {Sun, 25 Oct 2020 22:53:39 +0100},
  biburl    = {https://dblp.org/rec/conf/siggraph/Reynolds87.bib},
  bibsource = {dblp computer science bibliography, https://dblp.org}
}

@inproceedings{DBLP:conf/iros/YiDLD0WY20,
  author    = {Wei Yi and
               Bin Di and
               Ruihao Li and
               Huadong Dai and
               Xiaodong Yi and
               Yanzhen Wang and
               Xuejun Yang},
  title     = {An Actor-based Programming Framework for Swarm Robotic Systems},
  booktitle = {{IEEE/RSJ} International Conference on Intelligent Robots and Systems,
               {IROS} 2020, Las Vegas, NV, USA, October 24, 2020 - January 24, 2021},
  pages     = {8012--8019},
  publisher = {{IEEE}},
  year      = {2020},
  url       = {https://doi.org/10.1109/IROS45743.2020.9341198},
  _doi       = {10.1109/IROS45743.2020.9341198},
  timestamp = {Thu, 17 Jun 2021 15:35:21 +0200},
  biburl    = {https://dblp.org/rec/conf/iros/YiDLD0WY20.bib},
  bibsource = {dblp computer science bibliography, https://dblp.org}
}

@inproceedings{DBLP:conf/icra/CarrollNS21,
  author    = {Martin Carroll and
               Kedar S. Namjoshi and
               Itai Segall},
  title     = {The {Resh} Programming Language for Multirobot Orchestration},
  booktitle = {{IEEE} International Conference on Robotics and Automation, {ICRA} 2021, Xi'an, China, May 30 - June 5, 2021},
  pages     = {4026--4032},
  publisher = {{IEEE}},
  year      = {2021},
  url       = {https://doi.org/10.1109/ICRA48506.2021.9561133},
  _doi       = {10.1109/ICRA48506.2021.9561133},
  timestamp = {Fri, 22 Oct 2021 19:57:12 +0200},
  biburl    = {https://dblp.org/rec/conf/icra/CarrollNS21.bib},
  bibsource = {dblp computer science bibliography, https://dblp.org}
}

@article{DBLP:journals/softx/CasadeiVAP22,
  author    = {Roberto Casadei and
               Mirko Viroli and
               Gianluca Aguzzi and
               Danilo Pianini},
  title     = {{ScaFi}: {A} {Scala} {DSL} and Toolkit for Aggregate Programming},
  journal   = {SoftwareX},
  volume    = {20},
  pages     = {101248},
  year      = {2022},
  url       = {https://doi.org/10.1016/j.softx.2022.101248},
  _doi       = {10.1016/j.softx.2022.101248},
  timestamp = {Fri, 10 Feb 2023 23:34:31 +0100},
  biburl    = {https://dblp.org/rec/journals/softx/CasadeiVAP22.bib},
  bibsource = {dblp computer science bibliography, https://dblp.org}
}

@article{DBLP:journals/jos/PianiniMV13,
  author    = {Danilo Pianini and
               Sara Montagna and
               Mirko Viroli},
  title     = {Chemical-oriented simulation of computational systems with {ALCHEMIST}},
  journal   = {J. Simulation},
  volume    = {7},
  number    = {3},
  pages     = {202--215},
  year      = {2013},
  url       = {https://doi.org/10.1057/jos.2012.27},
  _doi       = {10.1057/jos.2012.27},
  timestamp = {Fri, 30 Nov 2018 13:25:08 +0100},
  biburl    = {https://dblp.org/rec/journals/jos/PianiniMV13.bib},
  bibsource = {dblp computer science bibliography, https://dblp.org}
}

@book{DBLP:series/sci/2008-108,
  author    = {Vito Trianni},
  title     = {Evolutionary Swarm Robotics - Evolving Self-Organising Behaviours
               in Groups of Autonomous Robots},
  series    = {Studies in Computational Intelligence},
  volume    = {108},
  publisher = {Springer},
  year      = {2008},
  url       = {https://doi.org/10.1007/978-3-540-77612-3},
  _doi       = {10.1007/978-3-540-77612-3},
  isbn      = {978-3-540-77611-6},
  timestamp = {Tue, 16 May 2017 14:24:33 +0200},
  biburl    = {https://dblp.org/rec/series/sci/2008-108.bib},
  bibsource = {dblp computer science bibliography, https://dblp.org}
}

@article{DBLP:journals/tsmc/BusoniuBS08,
  author    = {Lucian Busoniu and
               Robert Babuska and
               Bart De Schutter},
  title     = {A Comprehensive Survey of Multiagent Reinforcement Learning},
  journal   = {{IEEE} Trans. Syst. Man Cybern. Part {C}},
  volume    = {38},
  number    = {2},
  pages     = {156--172},
  year      = {2008},
  url       = {https://doi.org/10.1109/TSMCC.2007.913919},
  _doi       = {10.1109/TSMCC.2007.913919},
  timestamp = {Mon, 15 Jun 2020 16:53:54 +0200},
  biburl    = {https://dblp.org/rec/journals/tsmc/BusoniuBS08.bib},
  bibsource = {dblp computer science bibliography, https://dblp.org}
}

@article{DBLP:journals/alife/GershensonTWS20,
  author    = {Carlos Gershenson and
               Vito Trianni and
               Justin Werfel and
               Hiroki Sayama},
  title     = {Self-Organization and Artificial Life},
  journal   = {Artif. Life},
  volume    = {26},
  number    = {3},
  pages     = {391--408},
  year      = {2020},
  url       = {https://doi.org/10.1162/artl\_a\_00324},
  _doi       = {10.1162/artl\_a\_00324},
  timestamp = {Tue, 29 Dec 2020 18:26:51 +0100},
  biburl    = {https://dblp.org/rec/journals/alife/GershensonTWS20.bib},
  bibsource = {dblp computer science bibliography, https://dblp.org}
}

@article{varenne2015programming-emergence,
  title={Programming the emergence in morphogenetically architected complex systems},
  author={Varenne, Franck and Chaigneau, Pierre and Petitot, Jean and Doursat, Ren{\'e}},
  journal={Acta biotheoretica},
  volume={63},
  number={3},
  pages={295--308},
  year={2015},
  publisher={Springer},
  doi={10.1007/s10441-015-9262-z}
}

@article{Abdelkader2021aerialswarms,
  _doi = {10.1007/s43154-021-00063-4},
  url = {https://doi.org/10.1007/s43154-021-00063-4},
  year = {2021},
  month = jul,
  publisher = {Springer Science and Business Media {LLC}},
  volume = {2},
  number = {3},
  pages = {309--320},
  author = {Mohamed Abdelkader and Samet G\"{u}ler and Hassan Jaleel and Jeff S. Shamma},
  title = {Aerial Swarms: Recent Applications and Challenges},
  journal = {Current Robotics Reports}
}

@article{Kegeleirs2021slam,
  _doi = {10.3389/frobt.2021.618268},
  url = {https://doi.org/10.3389/frobt.2021.618268},
  year = {2021},
  month = mar,
  publisher = {Frontiers Media {SA}},
  volume = {8},
  author = {Miquel Kegeleirs and Giorgio Grisetti and Mauro Birattari},
  title = {Swarm {SLAM}: Challenges and Perspectives},
  journal = {Frontiers in Robotics and {AI}}
}

@article{Coppola2020microairswarms,
  _doi = {10.3389/frobt.2020.00018},
  url = {https://doi.org/10.3389/frobt.2020.00018},
  year = {2020},
  month = feb,
  publisher = {Frontiers Media {SA}},
  volume = {7},
  author = {Mario Coppola and Kimberly N. McGuire and Christophe De Wagter and Guido C. H. E. de Croon},
  title = {A Survey on Swarming With Micro Air Vehicles: Fundamental Challenges and Constraints},
  journal = {Frontiers in Robotics and {AI}}
}

@article{DBLP:journals/scirobotics/TheraulazT20,
  author    = {Marco Dorigo and
               Guy Theraulaz and
               Vito Trianni},
  title     = {Reflections on the future of swarm robotics},
  journal   = {Sci. Robotics},
  volume    = {5},
  number    = {49},
  pages     = {4385},
  year      = {2020},
  url       = {https://doi.org/10.1126/scirobotics.abe4385},
  _doi       = {10.1126/scirobotics.abe4385},
  timestamp = {Wed, 16 Mar 2022 23:49:47 +0100},
  biburl    = {https://dblp.org/rec/journals/scirobotics/TheraulazT20.bib},
  bibsource = {dblp computer science bibliography, https://dblp.org}
}

@article{DBLP:journals/cea/AlbieroGUP22,
  author    = {Daniel Albiero and
               Angel Pontin Garcia and
               Claudio Kiyoshi Umezu and
               Rodrigo Leme de Paulo},
  title     = {Swarm robots in mechanized agricultural operations: {A} review about
               challenges for research},
  journal   = {Comput. Electron. Agric.},
  volume    = {193},
  pages     = {106608},
  year      = {2022},
  url       = {https://doi.org/10.1016/j.compag.2021.106608},
  _doi       = {10.1016/j.compag.2021.106608},
  timestamp = {Sat, 09 Apr 2022 12:26:52 +0200},
  biburl    = {https://dblp.org/rec/journals/cea/AlbieroGUP22.bib},
  bibsource = {dblp computer science bibliography, https://dblp.org}
}

@article{DBLP:journals/csur/LuckcuckFDDF19,
  author    = {Matt Luckcuck and
               Marie Farrell and
               Louise A. Dennis and
               Clare Dixon and
               Michael Fisher},
  title     = {Formal Specification and Verification of Autonomous Robotic Systems:
               {A} Survey},
  journal   = {{ACM} Comput. Surv.},
  volume    = {52},
  number    = {5},
  pages     = {100:1--100:41},
  year      = {2019},
  url       = {https://doi.org/10.1145/3342355},
  _doi       = {10.1145/3342355},
  timestamp = {Mon, 26 Oct 2020 08:44:29 +0100},
  biburl    = {https://dblp.org/rec/journals/csur/LuckcuckFDDF19.bib},
  bibsource = {dblp computer science bibliography, https://dblp.org}
}

@inproceedings{DBLP:conf/coordination/AudritoBDV18,
  author    = {Giorgio Audrito and
               Jacob Beal and
               Ferruccio Damiani and
               Mirko Viroli},
  editor    = {Giovanna Di Marzo Serugendo and
               Michele Loreti},
  title     = {Space-Time Universality of Field Calculus},
  booktitle = {Coordination Models and Languages - 20th {IFIP} {WG} 6.1 International
               Conference, {COORDINATION} 2018, Held as Part of the 13th International
               Federated Conference on Distributed Computing Techniques, DisCoTec
               2018, Madrid, Spain, June 18-21, 2018. Proceedings},
  series    = {Lecture Notes in Computer Science},
  volume    = {10852},
  pages     = {1--20},
  publisher = {Springer},
  year      = {2018},
  url       = {https://doi.org/10.1007/978-3-319-92408-3\_1},
  _doi       = {10.1007/978-3-319-92408-3\_1},
  timestamp = {Tue, 14 May 2019 10:00:42 +0200},
  biburl    = {https://dblp.org/rec/conf/coordination/AudritoBDV18.bib},
  bibsource = {dblp computer science bibliography, https://dblp.org}
}

@inproceedings{DBLP:conf/ecoop/AudritoCDSV22,
  author    = {Giorgio Audrito and
               Roberto Casadei and
               Ferruccio Damiani and
               Guido Salvaneschi and
               Mirko Viroli},
  editor    = {Karim Ali and
               Jan Vitek},
  title     = {Functional Programming for Distributed Systems with {XC}},
  booktitle = {36th European Conference on Object-Oriented Programming, {ECOOP} 2022,
               June 6-10, 2022, Berlin, Germany},
  series    = {LIPIcs},
  volume    = {222},
  pages     = {20:1--20:28},
  publisher = {Schloss Dagstuhl - Leibniz-Zentrum f{\"{u}}r Informatik},
  year      = {2022},
  url       = {https://doi.org/10.4230/LIPIcs.ECOOP.2022.20},
  _doi       = {10.4230/LIPIcs.ECOOP.2022.20},
  timestamp = {Thu, 23 Jun 2022 15:53:59 +0200},
  biburl    = {https://dblp.org/rec/conf/ecoop/AudritoCDSV22.bib},
  bibsource = {dblp computer science bibliography, https://dblp.org}
}

@inproceedings{DBLP:conf/coordination/AguzziCMPV21,
  author    = {Gianluca Aguzzi and
               Roberto Casadei and
               Niccol{\`{o}} Maltoni and
               Danilo Pianini and
               Mirko Viroli},
  editor    = {Ferruccio Damiani and
               Ornela Dardha},
  title     = {ScaFi-Web: {A} Web-Based Application for Field-Based Coordination
               Programming},
  booktitle = {Coordination Models and Languages - 23rd {IFIP} {WG} 6.1 International
               Conference, {COORDINATION} 2021, Held as Part of the 16th International
               Federated Conference on Distributed Computing Techniques, DisCoTec
               2021, Valletta, Malta, June 14-18, 2021, Proceedings},
  series    = {Lecture Notes in Computer Science},
  volume    = {12717},
  pages     = {285--299},
  publisher = {Springer},
  year      = {2021},
  url       = {https://doi.org/10.1007/978-3-030-78142-2_18},
  _doi       = {10.1007/978-3-030-78142-2\_18},
  timestamp = {Sat, 09 Apr 2022 12:35:33 +0200},
  biburl    = {https://dblp.org/rec/conf/coordination/AguzziCMPV21.bib},
  bibsource = {dblp computer science bibliography, https://dblp.org}
}

@article{DBLP:journals/eaai/CasadeiVAPD21,
  author    = {Roberto Casadei and
               Mirko Viroli and
               Giorgio Audrito and
               Danilo Pianini and
               Ferruccio Damiani},
  title     = {Engineering collective intelligence at the edge with aggregate processes},
  journal   = {Eng. Appl. Artif. Intell.},
  volume    = {97},
  pages     = {104081},
  year      = {2021},
  url       = {https://doi.org/10.1016/j.engappai.2020.104081},
  _doi       = {10.1016/j.engappai.2020.104081},
  timestamp = {Thu, 14 Oct 2021 08:47:25 +0200},
  biburl    = {https://dblp.org/rec/journals/eaai/CasadeiVAPD21.bib},
  bibsource = {dblp computer science bibliography, https://dblp.org}
}

@article{DBLP:journals/fi/CasadeiPPVW20,
  author    = {Roberto Casadei and
               Danilo Pianini and
               Andrea Placuzzi and
               Mirko Viroli and
               Danny Weyns},
  title     = {Pulverization in Cyber-Physical Systems: Engineering the Self-Organizing
               Logic Separated from Deployment},
  journal   = {Future Internet},
  volume    = {12},
  number    = {11},
  pages     = {203},
  year      = {2020},
  url       = {https://doi.org/10.3390/fi12110203},
  _doi       = {10.3390/fi12110203},
  timestamp = {Thu, 16 Sep 2021 18:02:50 +0200},
  biburl    = {https://dblp.org/rec/journals/fi/CasadeiPPVW20.bib},
  bibsource = {dblp computer science bibliography, https://dblp.org}
}

@article{DBLP:journals/lmcs/PianiniCVMZ21,
  author    = {Danilo Pianini and
               Roberto Casadei and
               Mirko Viroli and
               Stefano Mariani and
               Franco Zambonelli},
  title     = {Time-Fluid Field-Based Coordination through Programmable Distributed
               Schedulers},
  journal   = {Log. Methods Comput. Sci.},
  volume    = {17},
  number    = {4},
  year      = {2021},
  url       = {https://doi.org/10.46298/lmcs-17(4:13)2021},
  _doi       = {10.46298/lmcs-17(4:13)2021},
  timestamp = {Tue, 24 Jan 2023 10:48:24 +0100},
  biburl    = {https://dblp.org/rec/journals/lmcs/PianiniCVMZ21.bib},
  bibsource = {dblp computer science bibliography, https://dblp.org}
}

@inproceedings{DBLP:conf/acsos/PianiniCV22,
  author    = {Danilo Pianini and
               Roberto Casadei and
               Mirko Viroli},
  editor    = {Roberto Casadei and
               Elisabetta Di Nitto and
               Ilias Gerostathopoulos and
               Danilo Pianini and
               Ivana Dusparic and
               Timothy Wood and
               Phyllis R. Nelson and
               Evangelos Pournaras and
               Nelly Bencomo and
               Sebastian G{\"{o}}tz and
               Christian Krupitzer and
               Claudia Raibulet},
  title     = {Self-stabilising Priority-Based Multi-Leader Election and Network
               Partitioning},
  booktitle = {{IEEE} International Conference on Autonomic Computing and Self-Organizing
               Systems, {ACSOS} 2022, Virtual, CA, USA, September 19-23, 2022},
  pages     = {81--90},
  publisher = {{IEEE}},
  year      = {2022},
  url       = {https://doi.org/10.1109/ACSOS55765.2022.00026},
  _doi       = {10.1109/ACSOS55765.2022.00026},
  timestamp = {Wed, 16 Nov 2022 11:08:36 +0100},
  biburl    = {https://dblp.org/rec/conf/acsos/PianiniCV22.bib},
  bibsource = {dblp computer science bibliography, https://dblp.org}
}

@article{DBLP:journals/cee/AudritoCDPV21,
  author    = {Giorgio Audrito and
               Roberto Casadei and
               Ferruccio Damiani and
               Danilo Pianini and
               Mirko Viroli},
  title     = {Optimal resilient distributed data collection in mobile edge environments},
  journal   = {Comput. Electr. Eng.},
  volume    = {96},
  number    = {Part},
  pages     = {107580},
  year      = {2021},
  url       = {https://doi.org/10.1016/j.compeleceng.2021.107580},
  _doi       = {10.1016/j.compeleceng.2021.107580},
  timestamp = {Tue, 08 Feb 2022 10:42:40 +0100},
  biburl    = {https://dblp.org/rec/journals/cee/AudritoCDPV21.bib},
  bibsource = {dblp computer science bibliography, https://dblp.org}
}

@inproceedings{DBLP:conf/coordination/AguzziCV22,
  author    = {Gianluca Aguzzi and
               Roberto Casadei and
               Mirko Viroli},
  editor    = {Maurice H. ter Beek and
               Marjan Sirjani},
  title     = {Towards Reinforcement Learning-based Aggregate Computing},
  booktitle = {Coordination Models and Languages - 24th {IFIP} {WG} 6.1 International
               Conference, {COORDINATION} 2022, Held as Part of the 17th International
               Federated Conference on Distributed Computing Techniques, DisCoTec
               2022, Lucca, Italy, June 13-17, 2022, Proceedings},
  series    = {Lecture Notes in Computer Science},
  volume    = {13271},
  pages     = {72--91},
  publisher = {Springer},
  year      = {2022},
  url       = {https://doi.org/10.1007/978-3-031-08143-9\_5},
  _doi       = {10.1007/978-3-031-08143-9\_5},
  timestamp = {Thu, 23 Jun 2022 19:55:38 +0200},
  biburl    = {https://dblp.org/rec/conf/coordination/AguzziCV22.bib},
  bibsource = {dblp computer science bibliography, https://dblp.org}
}

@inproceedings{DBLP:conf/isola/BallouliBBS18,
  author    = {Rim El Ballouli and
               Saddek Bensalem and
               Marius Bozga and
               Joseph Sifakis},
  editor    = {Tiziana Margaria and
               Bernhard Steffen},
  title     = {Four Exercises in Programming Dynamic Reconfigurable Systems: Methodology
               and Solution in {DR-BIP}},
  booktitle = {Leveraging Applications of Formal Methods, Verification and Validation.
               Distributed Systems - 8th International Symposium, ISoLA 2018, Limassol,
               Cyprus, November 5-9, 2018, Proceedings, Part {III}},
  series    = {Lecture Notes in Computer Science},
  volume    = {11246},
  pages     = {304--320},
  publisher = {Springer},
  year      = {2018},
  url       = {https://doi.org/10.1007/978-3-030-03424-5\_20},
  _doi       = {10.1007/978-3-030-03424-5\_20},
  timestamp = {Tue, 14 May 2019 10:00:41 +0200},
  biburl    = {https://dblp.org/rec/conf/isola/BallouliBBS18.bib},
  bibsource = {dblp computer science bibliography, https://dblp.org}
}

@inproceedings{DBLP:conf/antsw/BilalogluSAST22,
  author       = {Cem Bilaloglu and
                  Mehmet Sahin and
                  Farshad Arvin and
                  Erol Sahin and
                  Ali Emre Turgut},
  editor       = {Marco Dorigo and
                  Heiko Hamann and
                  Manuel L{\'{o}}pez{-}Ib{\'{a}}{\~{n}}ez and
                  Jos{\'{e}} Garc{\'{\i}}a{-}Nieto and
                  Andries P. Engelbrecht and
                  Carlo Pinciroli and
                  Volker Strobel and
                  Christian Leonardo Camacho{-}Villal{\'{o}}n},
  title        = {A Novel Time-of-Flight Range and Bearing Sensor System for Micro Air
                  Vehicle Swarms},
  booktitle    = {Swarm Intelligence - 13th International Conference, {ANTS} 2022, M{\'{a}}laga,
                  Spain, November 2-4, 2022, Proceedings},
  series       = {Lecture Notes in Computer Science},
  volume       = {13491},
  pages        = {248--256},
  publisher    = {Springer},
  year         = {2022},
  url          = {https://doi.org/10.1007/978-3-031-20176-9\_20},
  doi          = {10.1007/978-3-031-20176-9\_20},
  timestamp    = {Thu, 03 Nov 2022 11:39:02 +0100},
  biburl       = {https://dblp.org/rec/conf/antsw/BilalogluSAST22.bib},
  bibsource    = {dblp computer science bibliography, https://dblp.org}
}

@inproceedings{DBLP:conf/wcnc/SambuW22,
  author       = {Pradeep Sambu and
                  Myounggyu Won},
  title        = {An Experimental Study on Direction Finding of Bluetooth 5.1: Indoor
                  vs Outdoor},
  booktitle    = {{IEEE} Wireless Communications and Networking Conference, {WCNC} 2022,
                  Austin, TX, USA, April 10-13, 2022},
  pages        = {1934--1939},
  publisher    = {{IEEE}},
  year         = {2022},
  url          = {https://doi.org/10.1109/WCNC51071.2022.9771930},
  doi          = {10.1109/WCNC51071.2022.9771930},
  timestamp    = {Tue, 24 May 2022 15:39:24 +0200},
  biburl       = {https://dblp.org/rec/conf/wcnc/SambuW22.bib},
  bibsource    = {dblp computer science bibliography, https://dblp.org}
}

@inproceedings{DBLP:conf/icinfa/PengQZXLG15,
  author       = {Yan Peng and
                  Dong Qu and
                  Yuxuan Zhong and
                  Shaorong Xie and
                  Jun Luo and
                  Jason Gu},
  title        = {The obstacle detection and obstacle avoidance algorithm based on 2-D
                  lidar},
  booktitle    = {{IEEE} International Conference on Information and Automation, {ICIA}
                  2015, Lijiang, China, August 8-10, 2015},
  pages        = {1648--1653},
  publisher    = {{IEEE}},
  year         = {2015},
  url          = {https://doi.org/10.1109/ICInfA.2015.7279550},
  doi          = {10.1109/ICInfA.2015.7279550},
  timestamp    = {Sat, 09 Apr 2022 12:45:11 +0200},
  biburl       = {https://dblp.org/rec/conf/icinfa/PengQZXLG15.bib},
  bibsource    = {dblp computer science bibliography, https://dblp.org}
}
@inproceedings{DBLP:conf/icra/KorenB91,
  author       = {Yoram Koren and
                  Johann Borenstein},
  title        = {Potential field methods and their inherent limitations for mobile
                  robot navigation},
  booktitle    = {Proceedings of the 1991 {IEEE} International Conference on Robotics
                  and Automation, Sacramento, CA, USA, 9-11 April 1991},
  pages        = {1398--1404},
  publisher    = {{IEEE} Computer Society},
  year         = {1991},
  url          = {https://doi.org/10.1109/ROBOT.1991.131810},
  doi          = {10.1109/ROBOT.1991.131810},
  timestamp    = {Thu, 23 Mar 2023 23:59:09 +0100},
  biburl       = {https://dblp.org/rec/conf/icra/KorenB91.bib},
  bibsource    = {dblp computer science bibliography, https://dblp.org}
}

@inproceedings{DBLP:conf/iros/KoenigH04,
  author       = {Nathan P. Koenig and
                  Andrew Howard},
  title        = {Design and use paradigms for Gazebo, an open-source multi-robot simulator},
  booktitle    = {2004 {IEEE/RSJ} International Conference on Intelligent Robots and
                  Systems, Sendai, Japan, September 28 - October 2, 2004},
  pages        = {2149--2154},
  publisher    = {{IEEE}},
  year         = {2004},
  _url          = {https://doi.org/10.1109/IROS.2004.1389727},
  doi          = {10.1109/IROS.2004.1389727},
  timestamp    = {Wed, 16 Oct 2019 14:14:51 +0200},
  biburl       = {https://dblp.org/rec/conf/iros/KoenigH04.bib},
  bibsource    = {dblp computer science bibliography, https://dblp.org}
}