@article{DBLP:journals/eaai/CasadeiVAPD21,
  author    = {Roberto Casadei and
               Mirko Viroli and
               Giorgio Audrito and
               Danilo Pianini and
               Ferruccio Damiani},
  title     = {Engineering collective intelligence at the edge with aggregate processes},
  journal   = {Eng. Appl. Artif. Intell.},
  volume    = {97},
  pages     = {104081},
  year      = {2021},
  url       = {https://doi.org/10.1016/j.engappai.2020.104081},
  doi       = {10.1016/j.engappai.2020.104081},
  timestamp = {Thu, 14 Oct 2021 08:47:25 +0200},
  biburl    = {https://dblp.org/rec/journals/eaai/CasadeiVAPD21.bib},
  bibsource = {dblp computer science bibliography, https://dblp.org}
}

@article{DBLP:journals/fgcs/PianiniCVN21,
  author    = {Danilo Pianini and
               Roberto Casadei and
               Mirko Viroli and
               Antonio Natali},
  title     = {Partitioned integration and coordination via the self-organising coordination
               regions pattern},
  journal   = {Future Gener. Comput. Syst.},
  volume    = {114},
  pages     = {44--68},
  year      = {2021},
  url       = {https://doi.org/10.1016/j.future.2020.07.032},
  doi       = {10.1016/j.future.2020.07.032},
  timestamp = {Mon, 26 Oct 2020 08:22:20 +0100},
  biburl    = {https://dblp.org/rec/journals/fgcs/PianiniCVN21.bib},
  bibsource = {dblp computer science bibliography, https://dblp.org}
}

@article{DBLP:journals/cee/AudritoCDPV21,
  author    = {Giorgio Audrito and
               Roberto Casadei and
               Ferruccio Damiani and
               Danilo Pianini and
               Mirko Viroli},
  title     = {Optimal resilient distributed data collection in mobile edge environments},
  journal   = {Comput. Electr. Eng.},
  volume    = {96},
  number    = {Part},
  pages     = {107580},
  year      = {2021},
  url       = {https://doi.org/10.1016/j.compeleceng.2021.107580},
  doi       = {10.1016/j.compeleceng.2021.107580},
  timestamp = {Tue, 08 Feb 2022 10:42:40 +0100},
  biburl    = {https://dblp.org/rec/journals/cee/AudritoCDPV21.bib},
  bibsource = {dblp computer science bibliography, https://dblp.org}
}

@article{DBLP:journals/jlap/ViroliBDACP19,
  author    = {Mirko Viroli and
               Jacob Beal and
               Ferruccio Damiani and
               Giorgio Audrito and
               Roberto Casadei and
               Danilo Pianini},
  title     = {From distributed coordination to field calculus and aggregate computing},
  journal   = {J. Log. Algebraic Methods Program.},
  volume    = {109},
  year      = {2019},
  url       = {https://doi.org/10.1016/j.jlamp.2019.100486},
  doi       = {10.1016/j.jlamp.2019.100486},
  timestamp = {Sat, 22 Feb 2020 19:18:14 +0100},
  biburl    = {https://dblp.org/rec/journals/jlap/ViroliBDACP19.bib},
  bibsource = {dblp computer science bibliography, https://dblp.org}
}


@article{DBLP:journals/csur/MottolaP11,
  author    = {Luca Mottola and
               Gian Pietro Picco},
  title     = {Programming wireless sensor networks: Fundamental concepts and state
               of the art},
  journal   = {{ACM} Comput. Surv.},
  volume    = {43},
  number    = {3},
  pages     = {19:1--19:51},
  year      = {2011},
  url       = {https://doi.org/10.1145/1922649.1922656},
  doi       = {10.1145/1922649.1922656},
  timestamp = {Tue, 06 Nov 2018 12:50:49 +0100},
  biburl    = {https://dblp.org/rec/journals/csur/MottolaP11.bib},
  bibsource = {dblp computer science bibliography, https://dblp.org}
}

@article{DBLP:journals/tetc/ScekicSVRTMD20,
  author    = {Ognjen Scekic and
               Tommaso Schiavinotto and
               Svetoslav Videnov and
               Michael Rovatsos and
               Hong Linh Truong and
               Daniele Miorandi and
               Schahram Dustdar},
  title     = {A Programming Model for Hybrid Collaborative Adaptive Systems},
  journal   = {{IEEE} Trans. Emerg. Top. Comput.},
  volume    = {8},
  number    = {1},
  pages     = {6--19},
  year      = {2020},
  url       = {https://doi.org/10.1109/TETC.2017.2702578},
  doi       = {10.1109/TETC.2017.2702578},
  timestamp = {Fri, 15 May 2020 17:13:42 +0200},
  biburl    = {https://dblp.org/rec/journals/tetc/ScekicSVRTMD20.bib},
  bibsource = {dblp computer science bibliography, https://dblp.org}
}

@article{DBLP:journals/computer/BuresPKTH16,
  author    = {Tom{\'{a}}s Bures and
               Frantisek Plasil and
               Michal Kit and
               Petr Tuma and
               Nicklas Hoch},
  title     = {Software Abstractions for Component Interaction in the Internet of
               Things},
  journal   = {Computer},
  volume    = {49},
  number    = {12},
  pages     = {50--59},
  year      = {2016},
  url       = {https://doi.org/10.1109/MC.2016.377},
  doi       = {10.1109/MC.2016.377},
  timestamp = {Wed, 12 Aug 2020 10:29:40 +0200},
  biburl    = {https://dblp.org/rec/journals/computer/BuresPKTH16.bib},
  bibsource = {dblp computer science bibliography, https://dblp.org}
}

@article{DBLP:journals/ker/HorlingL04,
  author    = {Bryan Horling and
               Victor R. Lesser},
  title     = {A survey of multi-agent organizational paradigms},
  journal   = {Knowl. Eng. Rev.},
  volume    = {19},
  number    = {4},
  pages     = {281--316},
  year      = {2004},
  url       = {https://doi.org/10.1017/S0269888905000317},
  doi       = {10.1017/S0269888905000317},
  timestamp = {Thu, 27 Aug 2020 13:19:57 +0200},
  biburl    = {https://dblp.org/rec/journals/ker/HorlingL04.bib},
  bibsource = {dblp computer science bibliography, https://dblp.org}
}

@article{DBLP:journals/computer/KephartC03,
  author    = {Jeffrey O. Kephart and
               David M. Chess},
  title     = {The Vision of Autonomic Computing},
  journal   = {Computer},
  volume    = {36},
  number    = {1},
  pages     = {41--50},
  year      = {2003},
  url       = {https://doi.org/10.1109/MC.2003.1160055},
  doi       = {10.1109/MC.2003.1160055},
  timestamp = {Wed, 12 Aug 2020 10:29:29 +0200},
  biburl    = {https://dblp.org/rec/journals/computer/KephartC03.bib},
  bibsource = {dblp computer science bibliography, https://dblp.org}
}

@article{Pianini2013,
  doi = {10.1057/jos.2012.27},
  url = {https://doi.org/10.1057/jos.2012.27},
  year = {2013},
  month = aug,
  publisher = {Informa {UK} Limited},
  volume = {7},
  number = {3},
  pages = {202--215},
  author = {D Pianini and S Montagna and M Viroli},
  title = {Chemical-oriented simulation of computational systems with {ALCHEMIST}},
  journal = {Journal of Simulation}
}

@misc{simulation-doi,
  doi = {10.5281/ZENODO.6477039},
  url = {https://zenodo.org/record/6477039},
  author = {Aguzzi,  Gianluca and Pianini,  Danilo},
  title = {cric96/experiment-2022-ieee-decentralised-system: 1.0.1},
  publisher = {Zenodo},
  year = {2022},
  copyright = {Open Access}
}

@inproceedings{DBLP:conf/isola/CasadeiVAD20,
  author    = {Roberto Casadei and
               Mirko Viroli and
               Giorgio Audrito and
               Ferruccio Damiani},
  _editor    = {Tiziana Margaria and
               Bernhard Steffen},
  title     = {FScaFi : {A} Core Calculus for Collective Adaptive Systems Programming},
  booktitle = {Leveraging Applications of Formal Methods, Verification and Validation:
               Engineering Principles - 9th International Symposium on Leveraging
               Applications of Formal Methods, ISoLA 2020, Proceedings, Part {II}},
  series    = {LNCS},
  volume    = {12477},
  pages     = {344--360},
  publisher = {Springer},
  year      = {2020},
  url       = {https://doi.org/10.1007/978-3-030-61470-6\_21},
  doi       = {10.1007/978-3-030-61470-6\_21},
  timestamp = {Sat, 14 Nov 2020 00:56:54 +0100},
  biburl    = {https://dblp.org/rec/conf/isola/CasadeiVAD20.bib},
  bibsource = {dblp computer science bibliography, https://dblp.org}
}

@book{DBLP:books/daglib/0029568,
  author    = {Matt Duckham},
  title     = {Decentralized Spatial Computing - Foundations of Geosensor Networks},
  publisher = {Springer},
  year      = {2013},
  url       = {https://doi.org/10.1007/978-3-642-30853-6},
  doi       = {10.1007/978-3-642-30853-6},
  isbn      = {978-3-642-30852-9},
  timestamp = {Mon, 29 May 2017 13:41:07 +0200},
  biburl    = {https://dblp.org/rec/books/daglib/0029568.bib},
  bibsource = {dblp computer science bibliography, https://dblp.org}
}

@article{DBLP:journals/scp/Gupta15,
  author    = {Gopal Gupta},
  title     = {Language-based software engineering},
  journal   = {Sci. Comput. Program.},
  volume    = {97},
  pages     = {37--40},
  year      = {2015},
  url       = {https://doi.org/10.1016/j.scico.2014.02.010},
  doi       = {10.1016/j.scico.2014.02.010},
  timestamp = {Wed, 17 Feb 2021 21:55:39 +0100},
  biburl    = {https://dblp.org/rec/journals/scp/Gupta15.bib},
  bibsource = {dblp computer science bibliography, https://dblp.org}
}

@article{DBLP:journals/sttt/NicolaJW20,
  author    = {Rocco De Nicola and
               Stefan J{\"{a}}hnichen and
               Martin Wirsing},
  title     = {Rigorous engineering of collective adaptive systems: special section},
  journal   = {Int. J. Softw. Tools Technol. Transf.},
  volume    = {22},
  number    = {4},
  pages     = {389--397},
  year      = {2020},
  url       = {https://doi.org/10.1007/s10009-020-00565-0},
  doi       = {10.1007/s10009-020-00565-0},
  timestamp = {Sat, 09 Apr 2022 12:29:47 +0200},
  biburl    = {https://dblp.org/rec/journals/sttt/NicolaJW20.bib},
  bibsource = {dblp computer science bibliography, https://dblp.org}
}

@article{DBLP:journals/corr/abs-2201-03473,
  author    = {Roberto Casadei},
  title     = {Macroprogramming: Concepts, State of the Art, and Opportunities of
               Macroscopic Behaviour Modelling},
  journal   = {CoRR},
  volume    = {abs/2201.03473},
  year      = {2022},
  url       = {https://arxiv.org/abs/2201.03473},
  eprinttype = {arXiv},
  eprint    = {2201.03473},
  timestamp = {Thu, 20 Jan 2022 14:21:35 +0100},
  biburl    = {https://dblp.org/rec/journals/corr/abs-2201-03473.bib},
  bibsource = {dblp computer science bibliography, https://dblp.org}
}

@Article{casadei2022ieee-iot,  author={Casadei, Roberto and Fortino, Giancarlo and Pianini, Danilo and Placuzzi, Andrea and Savaglio, Claudio and Viroli, Mirko},  journal={IEEE Internet of Things Journal},   title={A Methodology and Simulation-based Toolchain for Estimating Deployment Performance of Smart Collective Services at the Edge},   year={2022},  volume={},  number={},  pages={1-1},  doi={10.1109/JIOT.2022.3172470},
note={to appear}}

@article{DBLP:journals/fi/CasadeiPPVW20,
  author    = {Roberto Casadei and
               Danilo Pianini and
               Andrea Placuzzi and
               Mirko Viroli and
               Danny Weyns},
  title     = {Pulverization in Cyber-Physical Systems: Engineering the Self-Organizing
               Logic Separated from Deployment},
  journal   = {Future Internet},
  volume    = {12},
  number    = {11},
  pages     = {203},
  year      = {2020},
  url       = {https://doi.org/10.3390/fi12110203},
  doi       = {10.3390/fi12110203},
  timestamp = {Thu, 16 Sep 2021 18:02:50 +0200},
  biburl    = {https://dblp.org/rec/journals/fi/CasadeiPPVW20.bib},
  bibsource = {dblp computer science bibliography, https://dblp.org}
}